4870 6630
928 679 932 690 ·
1048 643 1106 732 65

237 817 396 916 tegmm
428 795 653 885 habendam
693 753 961 894 concesserint.
990 647 1152 902 iannoi
1186 818 1304 902 etiam
1341 849 1443 936 quos
1481 819 1600 908 frater
1639 821 1848 917 defunctus
1876 835 1919 922 in

238 937 405 1024 articulo
432 942 572 1025 mortis
602 943 799 1054 possideat
827 977 995 1067 cappam
1024 959 1171 1046 scilicet
1199 960 1536 1074 superpelliceum
1565 965 1700 1078 iupam
1730 965 1792 1083 (ι)
1812 999 1919 1058 man-

234 1079 379 1165 tellum
407 1101 448 1165 et
476 1080 678 1194 pelliciam
707 1107 747 1172 et
775 1090 912 1178 velum
951 1129 1081 1189 unum
1117 1124 1157 1187 et
1197 1105 1411 1191 linteolum
1448 1105 1602 1192 braccas
1641 1129 1681 1191 et
1717 1113 1918 1198 camisiam

243 1219 420 1307 sutirales
451 1251 547 1308 cum
575 1225 709 1343 caligis
767 1292 775 1315 .

245 1418 762 1456 .....
791 1375 833 1456 in
863 1375 1091 1471 kalendario
1120 1387 1267 1500 scripto
1295 1406 1334 1470 et
1362 1389 1493 1500 pridie
1527 1420 1650 1504 quam
1664 1397 1838 1478 evenerit
1855 1424 1920 1480 an·

243 1507 398 1589 nuatim
427 1504 488 1620 (2)
517 1512 562 1592 in
588 1512 764 1625 capitulo
784 1593 786 1597 .
803 1527 1062 1628 pronuntiato
1091 1524 1255 1647 solliciti
1282 1529 1551 1614 observabunt
1588 1550 1629 1615 et
1665 1537 1707 1618 in
1736 1563 1920 1649 unoquo-

244 1674 326 1758 que
353 1676 458 1730 anno
486 1679 705 1764 pauperem
734 1687 864 1744 unum
894 1665 1064 1752 cibando
1092 1665 1229 1753 festive
1266 1669 1543 1786 celebrabunt..
1558 1670 1760 1758 Canonico
1787 1699 1936 1800 autem·

246 1805 354 1869 extra
383 1788 604 1875 Ecclesiam
633 1799 676 1878 in
704 1825 960 1918 quacumque
988 1809 1215 1897 obedientia
1243 1808 1306 1928 (3)
1335 1810 1526 1899 defuncto
1555 1813 1695 1898 eadem
1723 1838 1770 1900 ut
1792 1817 1923 1903 audie

247 1928 326 2010 rint
355 1929 584 2039 persolvent
611 1941 769 2020 servitia
799 1939 868 2023 sed
897 1974 991 2028 cum
1020 1957 1104 2063 ipse
1140 1958 1337 2074 languerit
1366 1985 1516 2069 pannos
1555 1985 1646 2040 suos
1684 1978 1774 2072 post
1819 1992 1924 2050 mor-

249 2088 333 2154 tem
370 2073 610 2185 pauperibus
638 2082 792 2197 erogari
830 2084 984 2177 iusserit
1012 2112 1054 2173 et
1083 2096 1301 2211 presbitero
1345 2104 1417 2212 qui
1451 2095 1698 2214 prebendam
1742 2137 1856 2192 suam
1883 2115 1926 2196 in

252 2212 454 2300 refectorio
486 2219 666 2306 habuerit
700 2219 836 2341 'atque
863 2229 939 2347 pro
969 2241 1056 2351 ipso
1084 2239 1320 2327 laboraverit
1350 2241 1409 2328 ·de
1438 2247 1600 2328 comuni
1627 2249 1835 2358 pelliceam
1863 2282 1924 2336 su·

249 2355 526 2469 perpellicium
555 2395 710 2457 necnon
739 2367 914 2463 veterem
953 2384 1119 2470 alicuius
1148 2383 1335 2471 Canonici
1364 2385 1565 2500 Campum
1594 2390 1716 2508 (sic)
1746 2425 1841 2478 cum
1872 2416 1927 2478 to·

250 2519 300 2582 trs
376 2566 726 2597 ......
755 2520 987 2630 impendant
1015 2547 1055 2610 et
1083 2533 1153 2642 qui
1188 2584 1407 2615 ......
1445 2533 1681 2623 observans.
1704 2601 1712 2619 .
1739 2601 1776 2620 ..
1808 2534 1930 2620 ..de-

255 2637 443 2728 functum
514 2711 523 2730 .
581 2717 591 2735 .
783 2664 1094 2776 ‚supradictum
1123 2675 1330 2759 servitium
1358 2703 1491 2788 per..
1550 2739 1558 2758 .
1617 2740 1626 2759 .
1685 2674 1930 2790 ‚perficiant

252 2774 509 2900 Quicumque
527 2820 625 2908 ergo
652 2803 971 2892 constitutionem
1001 2813 1115 2900 istam
1144 2835 1381 2933 tantumque
1419 2814 1658 2902 beneficium
1702 2816 1928 2908 diminuen-

262 2916 318 3004 do
346 2951 491 3014 cassare
518 2945 804 3052 presumpserit
832 2945 976 3034 divinis
1004 2959 1200 3041 subiaceat
1226 2957 1448 3042 ultionibus
1472 2977 1517 3043 ·et
1544 2956 1675 3045 fratris
1694 2963 1757 3047 sui
1773 2969 1929 3080 sanguis

255 3053 308 3142 ad
339 3061 552 3154 dominum
581 3073 723 3165 clamet
751 3083 794 3170 in
821 3085 889 3180 die
917 3089 1054 3179 iudicii
1083 3091 1154 3180 fiat
1171 3095 1252 3184 fiat
1279 3073 1394 3186 amen
1422 3128 1547 3186 amen.

270 3300 1942 3362 ···-···-----·--—-.-..-----.-..-·-

256 3437 439 3544 designetur
464 3446 532 3524 cibi
558 3467 590 3528 et
616 3467 711 3554 potus
736 3457 853 3538 diurna
877 3471 1007 3568 portio,
1035 3499 1121 3576 quae
1146 3473 1351 3572 Monachis,
1379 3473 1578 3578 canonicis,
1607 3473 1717 3550 aliisve
1752 3475 1932 3580 quibusvis

258 3569 445 3664 praebetur.
477 3579 566 3656 Vide
591 3584 771 3688 Congium.

412 3704 468 3803 (r)
496 3709 590 3808 Quae
607 3711 662 3786 hic
687 3685 894 3798 recetisentur
917 3741 1022 3804 vestes
1048 3732 1168 3827 partim
1193 3732 1237 3806 ad
1260 3731 1353 3808 chori
1379 3759 1489 3832 usum,
1515 3747 1553 3809 ut
1568 3713 1701 3838 'cappa
1722 3790 1733 3828 ,
1752 3747 1784 3808 et
1808 3722 1934 3834 super-¹

255 3829 478 3931 pelliceum,
505 3819 626 3938 partim
650 3869 732 3920 vero
757 3848 800 3923 ad
824 3879 918 3928 usum
944 3886 1102 3957 personae
1127 3860 1274 3936 eiusdem
1300 3859 1455 3936 defuncti.
1497 3863 1602 3937 Porro
1628 3866 1719 3964 iupa
1736 3861 1933 3962 quandoque

260 3956 357 4038 ¹vestis
381 3963 518 4037 interior
542 3964 713 4047 dicebatur
736 4001 835 4079 quam
852 3982 959 4060 italice
991 3988 1164 4086 Grnbba,
1192 4017 1211 4064 e
1241 3989 1425 4066 Ginbbone
1450 3990 1616 4086 dicimus,
1644 3992 1698 4066 hic
1723 4019 1803 4068 vero
1827 3997 1936 4092 potius

257 4113 321 4189 pro
346 4105 435 4165 veste
459 4091 552 4167 talari
576 4100 765 4198 accipienda
791 4109 941 4208 videtur,
971 4131 1010 4190 ut
1036 4122 1141 4195 visum
1168 4121 1264 4193 etiam
1290 4118 1417 4220 Gangio
1442 4147 1483 4194 ca
1506 4120 1576 4193 aliis
1593 4123 1822 4194 monumentis.
1844 4123 1933 4198 Pel-

257 4217 560 4321 tuimetipsius
585 4231 816 4314 vestimentum
841 4267 882 4314 ex
905 4243 1065 4342 pellibus,
1094 4248 1182 4324 unde
1200 4273 1334 4322 nomen.
1365 4250 1458 4342 Quid
1483 4275 1563 4325 vero
1589 4251 1726 4346 velum,
1753 4248 1835 4354 quid
1860 4252 1936 4329 lin·

259 4353 427 4429 aotam?
451 4369 484 4428 et
507 4363 621 4436 velum
644 4361 779 4468 quidem
803 4369 860 4443 hic
883 4395 943 4468 pro
968 4374 1094 4449 Lodice
1118 4378 1190 4453 sive
1216 4377 1411 4476 velamine,
1437 4395 1471 4456 et
1507 4382 1707 4478 operimento
1744 4379 1949 4466 lectitent.

198 4537 211 4564 .
261 4507 299 4556 ce
323 4489 467 4584 cultra,
494 4487 625 4568 soraee
649 4505 683 4570 et
707 4491 909 4580 Linteolum
933 4515 1004 4578 erat
1024 4503 1180 4602 Sindon,
1206 4531 1264 4582 seu
1290 4521 1327 4582 ut
1353 4506 1459 4584 italice
1484 4510 1622 4584 dicimus
1638 4510 1814 4612 lenztirdo,
1831 4511 1934 4588 Gatt-

263 4641 302 4690 τε
325 4617 467 4708 linceul.
798 4637 803 4650 ’

367 4744 425 4846 (a)
450 4749 503 4824 De
527 4754 747 4829 anniversaria
772 4753 984 4855 depositionis
1006 4753 1150 4840 defuncti
1176 4763 1230 4839 die
1254 4764 1307 4839 hic
1332 4767 1413 4866 agi,
1440 4765 1587 4844 advertat
1610 4769 1726 4846 lector.

347 4856 436 4975 ⁰(3)'
451 4875 583 4956 Scilicet
613 4884 743 4982 Cella,
771 4887 1060 4990 Praepositum,
1093 4893 1266 4998 Grangr'a
1292 4923 1312 4969 a
1337 4899 1517 4975 Conventa
1542 4899 1766 5001 dependente,
1793 4923 1859 4997 quo
1873 4895 1939 5005 Q!-

264 5001 379 5208 accipi
401 5005 614 5086 mittebantur
637 5026 675 5087 ut
699 5039 811 5094 earum
835 5043 950 5100 cruam
975 5039 1121 5121 gererent
1146 5027 1271 5103 anteit
1296 5025 1515 5108 deservirent.
1545 5029 1632 5104 Vide
1657 5026 1819 5126 Carpum
1855 5051 1939 5106 voce

269 5125 345 5216 Qbe
368 5137 495 5215 entia.

862 5275 1138 5324 ···
1571 5283 1602 5372 n
