4914 6610
1237 517 1255 633 (
1290 513 1367 614 ¹48
1396 515 1412 632 1

500 716 579 800 quo
608 683 719 786 suit,
748 701 788 766 et
816 681 1197 795 Melphictensibus‚
1226 680 1338 796 quod
1368 687 1429 768 sui
1458 683 1643 788 Patroni,
1673 685 1786 768 cuius
1817 681 2019 764 historiam
2043 707 2117 792 pro
2131 669 2181 762 il·

498 821 634 910 lorum
664 843 893 936 temporum
922 819 1149 908 infelicitate
1175 821 1284 910 haud
1313 822 1431 935 plene
1459 843 1596 908 notam
1625 820 1842 930 habebant,
1870 823 1988 942 longe
2014 825 2173 940 lateque

498 968 645 1051 famatn
681 961 867 1050 diffusam
897 983 1122 1070 cernerent,
1149 965 1308 1052 Netinis
1337 958 1477 1048 eadem
1517 992 1566 1046 ex
1595 973 1725 1049 caussa
1770 985 1808 1048 et
1837 964 1955 1080 quod·
1978 965 2175 1052 aNetino

498 1107 541 1190 in
570 1107 678 1218 ipsos
707 1102 857 1189 collatis
886 1098 1110 1207 beneficiis,
1139 1101 1208 1187 illa
1237 1108 1357 1191 etiam
1386 1108 1429 1189 in
1457 1101 1761 1216 Melphictenses
1804 1104 1944 1190 collata
1972 1136 1993 1188 a
2023 1103 2177 1190 Basaro

502 1244 706 1332 adderent.
735 1245 793 1330 Ita
823 1245 900 1356 iit,
933 1265 979 1326 ut
1006 1242 1113 1329 zelus
1151 1251 1236 1332 sine
1264 1249 1423 1332 scientia
1451 1241 1695 1360 quandoque
1737 1247 1892 1330 veritati
1930 1271 2098 1354 noceat,
2134 1271 2175 1332 et

497 1387 620 1472 animi
648 1390 868 1476 affectiones
886 1451 907 1494 ‚‚
927 1421 1205 1507 quaecumque
1233 1388 1325 1475 illae
1352 1387 1441 1492 sint,
1469 1383 1685 1500 praeclaros
1712 1389 1831 1474 auam
1859 1409 1899 1472 et
1926 1389 2071 1502 probos
2100 1390 2188 1476 lto-1

496 1504 624 1607 traines
652 1507 844 1588 caecutire
874 1504 1025 1588 faciant.
1815 1543 1818 1550 ¹

537 1707 542 1712 .
612 1642 706 1728 Non
734 1644 802 1729 illa
830 1676 997 1760 quoque.
1021 1644 1305 1760 praetereunda
1334 1638 1557 1756 disquisitio
1585 1661 1667 1745 est,
1695 1671 1745 1724 an
1773 1669 1867 1726 vere
1880 1643 2077 1760 integrum
2099 1637 2171 1724 Ba-

500 1789 585 1874 vari
614 1815 756 1898 corpus
785 1786 992 1897 Melphicti
1021 1786 1154 1891 suerit,
1183 1807 1224 1873 et
1252 1784 1383 1874 adhuc
1411 1803 1558 1888 exstat,
1587 1809 1679 1864 nam
1708 1777 1759 1866 de
1788 1785 1913 1894 capite
1942 1778 2078 1866 nullus
2096 1785 2170 1866 erit

443 1917 447 1926 ¹
498 1927 727 2044 ambigendi
758 1929 878 2014 locus.
907 1925 996 2034 Qua
1026 1929 1067 2008 in
1099 1924 1373 2041 disquisitione
1401 1926 1556 2009 veritati
1571 1944 1726 2008 tantum
1746 1920 1919 2032 faventes
1937 1951 2170 2010 monumen-

497 2091 536 2156 ta
565 2071 657 2158 binc
686 2069 779 2160 inde
807 2065 1012 2172 dabimus,
1040 2089 1087 2152 ut
1117 2065 1218 2182 quid
1247 2068 1375 2152 multa
1403 2070 1445 2150 in
1473 2064 1709 2150 obscuritate
1737 2096 1878 2152 verum
1917 2065 2034 2149 lateat
2061 2100 2082 2156 a
2110 2100 2166 2154 se·

496 2213 667 2322 metipso
696 2210 820 2296 lector
849 2213 1040 2296 coniicere
1067 2212 1199 2322 possit.
1243 2205 1367 2294 Nulla
1395 2202 1561 2321 quidem
1599 2207 1640 2290 in
1670 2203 1860 2322 Episcopi
1887 2207 2001 2294 Borii
2042 2218 2168 2302 risita-

496 2352 604 2434 tione
632 2369 998 2464 supramemorata,
1027 2353 1201 2464 corporis
1230 2350 1380 2434 mentio
1408 2346 1574 2433 habetur
1590 2409 1614 2454 „
1634 2351 1734 2463 quin
1763 2354 1899 2467 potius
1928 2389 1976 2444 en
2005 2389 2049 2442 ea
2077 2336 2178 2444 oon·¹

497 2493 611 2605 sequi
639 2487 799 2576 videtur
826 2491 940 2574 nullo
968 2489 1092 2577 modo
1121 2521 1265 2605 corpus
1293 2489 1492 2576 exstitisse
1508 2487 1563 2590 'Si
1590 2494 1700 2577 enim
1729 2497 1954 2600 exstitisset,
1968 2515 2073 2581 certe
2110 2499 2175 2592 vi<

504 2632 637 2718 sitanti
665 2629 866 2744 Episcopo
893 2631 1113 2716 exhibitum
1145 2632 1314 2736 fuisset,
1344 2662 1416 2718 nec
1449 2653 1530 2717 tam
1559 2633 1671 2720 facile
1699 2637 1916 2722 maioribus
1950 2649 2088 2730 nostris
2107 2635 2172 2728 su-

497 2799 567 2854 cus
595 2800 616 2853 a
645 2772 851 2886 peregrino
888 2770 1048 2855 homine
1075 2769 1200 2855 factus
1228 2794 1357 2877 esset,
1387 2794 1433 2860 ut
1461 2803 1637 2888 corpus,
1665 2781 1778 2864 cuius
1805 2779 2000 2868 habebant
2026 2807 2169 2898 caput,

496 2909 593 2998 Neti
621 2913 664 2994 in
691 2909 821 2994 Sicilia
850 2914 1035 2996 asservari
1061 2909 1280 3012 crederent.
1309 2909 1394 2996 Nec
1422 2916 1465 2998 in
1492 2915 1664 3002 secunda
1699 2917 1750 3002 ab
1778 2923 1865 3034 ipso
1884 2919 2010 3008 Bovio
2038 2929 2170 3010 visita-

498 3053 606 3132 tione
634 3078 739 3134 anno
767 3049 996 3136 MDCXIll
1025 3071 1190 3164 peracta¹
1207 3047 1258 3132 de
1287 3078 1451 3164 corpore
1479 3054 1649 3140 verbum
1672 3055 1823 3166 ullum3
1842 3059 1885 3144 id
1906 3083 2061 3158 tantum
2079 3099 2169 3180 pro

501 3194 678 3303 posuisse
708 3189 933 3306 Episcopus
962 3189 1109 3278 dicitur
1137 3216 1184 3278 ut
1215 3195 1498 3290 venerandum
1525 3216 1645 3312 caput
1672 3222 1798 3286 statua
1834 3228 2015 3322 argentea
2045 3211 2169 3296 inclu-

500 3328 690 3434 deretur,
718 3360 799 3448 quu
827 3337 868 3416 ei
894 3331 1046 3418 debitrts
1075 3335 1201 3422 honor
1228 3360 1496 3446 servaretur,
1523 3360 1649 3453 utque
1676 3339 1728 3426 ad
1768 3343 1843 3430 hoc
1879 3353 2169 3440 (sitiversitatt's

513 3473 682 3555 Civium
709 3469 987 3558 adiumentum
1014 3479 1303 3590 tinploraretur.
1333 3479 1441 3564 Cum
1469 3509 1565 3566 vero
1593 3480 1776 3566 Civitatis
1805 3485 1969 3597 Syndici
1997 3493 2049 3580 ad
2068 3529 2171 3611 opus

499 3601 793 3694 conficiendum
822 3618 945 3724 parati
976 3613 1131 3700 veniam
1161 3649 1182 3702 a
1212 3618 1437 3704 Collaterali
1466 3619 1646 3706 Consilio
1674 3646 1852 3736 peterent
1880 3627 1932 3716 acl
1959 3639 2167 3744 pecuniam

500 3746 741 3864 erogandam
768 3753 810 3833 in
839 3754 1010 3866 supplici
1038 3755 1177 3840 libello
1205 3779 1337 3870 aperte
1367 3760 1453 3844 fassi
1494 3782 1587 3844 sunt
1613 3762 1821 3879 Melphicti
1850 3763 1981 3881 Caput
2019 3793 2173 3860 tantum
2296 3815 2306 3832 ·

504 3888 541 3969 S.
570 3886 763 3974 Tutelaris
793 3897 949 3999 serrari,
979 3924 1019 3980 se
1048 3927 1143 3981 vero
1170 3898 1243 3984 nbi
1273 3900 1475 4012 reliquum
1505 3922 1604 3985 esset
1631 3931 1773 4016 corpus
1800 3911 1947 3994 nescire
1974 3908 2046 4026 (r).
2074 3913 2174 4027 Sup

502 4029 647 4142 plioem
667 4031 773 4118 hunc
802 4033 984 4120 libellum
1012 4068 1106 4124 cum
1128 4040 1296 4126 Decreta
1315 4037 1517 4126 Collaterii
1550 4038 1714 4127 Consilii
1752 4047 1933 4158 precibus
1968 4059 2173 4140 annuentis

498 4172 786 4285 autographum
814 4202 918 4280 nos,
950 4203 1051 4270 cum
1085 4177 1233 4263 Vicarii
1262 4176 1467 4264 Generalis
1495 4178 1533 4260 S.
1561 4185 1774 4293 memoriae
1794 4184 1980 4302 Episcopi
2003 4189 2174 4277 Ianuarii

500 4310 712 4428 rlutonucii
751 4343 918 4398 munere
946 4312 1234 4428 fungeremur,
1263 4336 1302 4399 et
1331 4321 1371 4430 in
1401 4317 1585 4402 manibus
1613 4318 1825 4410 habuimus
1853 4347 1892 4410 et
1920 4327 2099 4446 legimus

516 4541 521 4547 ,
613 4447 734 4534 Nunc
762 4449 814 4537 ad
842 4483 914 4557 ea,
943 4485 1045 4568 quae
1073 4454 1147 4540 alia
1176 4459 1310 4540 omnia
1353 4456 1454 4542 forte
1501 4456 1755 4568 suadebunt,
1792 4467 1992 4584 integrum
2032 4472 2179 4558 scilicet

493 4669 2160 4728 ...Ἢ-

611 4814 670 4916 (ι)
695 4814 774 4894 Νοιι
799 4815 913 4921 utique
938 4813 1036 4896 Nati.
1064 4818 1141 4896 cito
1165 4821 1266 4922 igitur
1289 4824 1451 4924 peregrini
1476 4821 1621 4902 beminis
1646 4825 1755 4904 sabula
1781 4829 1923 4906 evanuit.
