4846 6622
1311 481 1329 599 (
1365 486 1438 579 162
1469 494 1487 612 )

563 686 712 747 annum
741 651 1202 747 DLXXXIVrecitatur.
1218 657 1265 750 ln
1283 691 1327 747 ea
1356 663 1464 748 euim
1487 658 1695 748 ‘mamieste
1722 678 1770 746 ut
1802 657 1977 751 Gentiles
2007 661 2231 782 longobar·

555 799 601 888 di
629 799 912 904 traducuntur,
940 803 1200 918 queriturque
1227 803 1409 890 Pontifex
1437 802 1498 887 his
1526 805 1701 886 maxime
1732 800 1862 887 verbis
1890 818 1935 881 ε
1969 802 2144 919 Shrtgtris
2173 811 2236 888 in*

554 944 781 1025 nocentium
808 935 1048 1056 efflmdt'tur,
1062 971 1183 1026 sacra
1210 942 1418 1030 violantur
1442 939 1657 1046 asariam
1685 939 1902 1026 calliolicae
1915 937 2027 1056 fidei
2058 947 2114 1028 ac
2140 947 2224 1034 ido

556 1079 708 1167 loistris
736 1077 955 1166 insteltatur.
974 1077 1150 1188 Quodsi
1178 1081 1415 1170 clarissimus
1443 1082 1708 1170 Assemannus
1745 1111 1911 1167 manum
1954 1082 2153 1174 medicam
2179 1091 2232 1178 ad

549 1217 766 1306 sanandam
792 1219 830 1303 S.
860 1218 1093 1338 Archangeli
1121 1221 1324 1312 historiam
1352 1221 1583 1338 adponens,
1612 1253 1692 1310 non
1722 1240 1879 1310 tantum
1907 1221 2219 1328 Beneventanus
2293 1293 2303 1332 ,

544 1362 586 1444 iu
620 1360 858 1475 Siponh'tws,
886 1380 934 1444 ut
962 1359 1066 1467 fecit,
1094 1367 1246 1477 optime
1273 1381 1492 1467 mutasset,
1520 1359 1590 1448 sed
1619 1384 1658 1448 et
1687 1361 1853 1450 delesset
1866 1395 2029 1482 quoque
2061 1367 2225 1480 Mapo-

547 1499 693 1602 Iitani,
721 1519 762 1582 et
789 1499 945 1614 legisset
971 1497 1115 1616 (quae
1140 1532 1229 1588 vera
1260 1504 1374 1594 nobis
1403 1502 1564 1591 videtur
1592 1503 1740 1620 lectio)
1771 1506 2054 1594 Beneverttani
2086 1508 2223 1620 Srpon

554 1643 658 1724 linos
685 1639 782 1725 bello
811 1639 1012 1726 lacessere.
1029 1657 1217 1752 tentant,
1245 1667 1326 1732 tota
1354 1619 1676 1734 doctissimorum
1704 1645 1917 1732 hominum
1954 1645 2007 1732 de
2036 1637 2220 1760 Neapoli·

552 1801 736 1865 tenorum
762 1779 982 1895 gentilitate
1009 1781 1126 1904 longa
1154 1785 1370 1900 disputatio
1399 1807 1589 1874 cessasset
1621 1785 1773 1902 Ecquis
1800 1787 1910 1870 enim
1936 1789 2032 1888 erit,
2050 1789 2124 1900 qui
2140 1817 2216 1872 non

544 1921 722 2026 rideat,
750 1917 858 2005 haud
887 1913 942 2006 de
967 1921 1265 2037 Neapolitanis,
1295 1951 1431 2016 contra
1469 1953 1571 2040 quos
1608 1925 1732 2012 nullis
1768 1923 1907 2009 fulciri
1955 1929 2225 2010 monumentis

554 2065 702 2174 poterit
729 2065 951 2170 accusatio,
979 2063 1049 2150 sed
1078 2061 1130 2151 de
1158 2064 1441 2156 Beneventanis
1470 2063 1741 2182 longobardis
1769 2065 1965 2182 paganicis
1993 2064 2139 2150 ritibus
2167 2097 2225 2150 re-

554 2227 646 2283 vera
675 2219 771 2285 tunc
800 2210 988 2316 temporis
1014 2205 1146 2292 adhuc
1175 2205 1342 2296 addictis
1370 2229 1411 2294 et
1444 2205 1550 2294 leidis
1586 2212 1759 2292 scemeca
1777 2203 1991 2316 sciscitare
2016 2205 2221 2290 aristidem

554 2337 735 2421 Deorum
764 2341 1037 2448 taurinatibus,
1059 2345 1205 2432 scilicet
1233 2355 1344 2435 circa
1371 2351 1554 2436 ardorem
1581 2347 1844 2464 equitantibus
1872 2363 1909 2432 ct
1927 2375 2057 2431 wacrso
2073 2347 2211 2460 capite

551 2475 700 2558 bestrae
728 2481 880 2561 corium
907 2484 1044 2567 arbori
1070 2483 1298 2601 adprensum
1314 2490 1606 2592 nwrdentt'lnts,
1620 2485 1738 2601 quod
1767 2483 1856 2571 ludi
1875 2513 2002 2602 geum
2014 2483 2214 2570 Beneuen

555 2633 736 2699 tenorum
767 2623 939 2706 maxime
966 2625 1008 2708 in
1037 2623 1189 2714 deliciis
1216 2651 1324 2735 erat,
1353 2636 1508 2718 utiam
1537 2627 1679 2715 dixisse
1718 2625 2050 2714 reminiscimur?

667 2755 760 2842 Non
800 2789 895 2845 vero
934 2761 1197 2853 diffitebimur
1241 2773 1425 2887 Ignotum
1467 2773 1733 2859 Cannensem
1774 2765 1884 2882 apud
1924 2766 2224 2866 Muraton'umr

549 2889 701 2982 necnon
710 2917 749 2981 et
764 2898 1108 3015 Eschempertum,
1118 2913 1191 3021 qui
1200 2911 1355 2998 saeculo
1366 2909 1417 2996 X
1423 2915 1869 3026 viaitscripsissemnno
1879 2903 2115 3010 DCCCLXs
2122 2905 2224 2990 Nea·

555 3035 750 3148 politanus
778 3069 799 3120 a
829 3037 1028 3153 Capuanis
1057 3047 1136 3130 acri
1164 3045 1312 3160 praelio
1339 3052 1465 3136 victos
1494 3051 1612 3138 fuisse
1627 3051 1729 3138 Vlll
1744 3053 1836 3138 idus
1855 3055 1988 3156 maias,
2006 3081 2054 3136 eo
2072 3047 2216 3134 scilicet

554 3178 643 3284 ipso
672 3171 850 3260 eiusdem
879 3179 917 3262 S.
946 3180 1180 3299 Archangeli
1207 3190 1460 3302 apparitionis
1489 3197 1568 3280 iam
1592 3201 1692 3282 tuac
1720 3195 1838 3280 festo
1858 3193 1956 3298 die,
1984 3222 2067 3306 quo
2096 3189 2221 3275 iidem

463 3349 472 3358 ·
556 3309 822 3423 Neapolitani
840 3322 991 3429 prt'scts
1017 3328 1257 3434 temporibus
1285 3361 1313 3410 a
1344 3333 1628 3418 Beneventano
1651 3334 1795 3447 populo
1823 3332 1979 3420 fuerant
1999 3333 2135 3448 fugati.
2152 3332 2222 3416 Vi·

555 3443 629 3532 diat
650 3455 737 3534 ¹iam
768 3453 895 3539 lector'
918 3463 1238 3572 apparitionem,
1269 3491 1308 3552 et
1336 3473 1541 3558 victoriam
1560 3472 1598 3555 S.
1613 3473 1848 3589 Archangeli
1866 3475 2137 3558 intercessione
2148 3473 2223 3557 ob·

435 3651 439 3663 .
559 3593 707 3674 tentam
737 3593 840 3677 male
867 3599 1090 3706 confundi,
1117 3627 1157 3688 et
1202 3609 1304 3694 male
1343 3618 1461 3698 etiam
1504 3607 1706 3698 adfirmari
1736 3640 1757 3693 a
1786 3611 2101 3713 Beneuentanis,
2139 3639 2217 3694 nou

562 3759 657 3816 sero
685 3761 707 3813 a
736 3733 951 3842 Sipontinis
980 3764 1133 3853 partam
1163 3752 1377 3836 victoriam.
1407 3750 1570 3858 Quodsi
1601 3759 1652 3840 ita
1681 3753 1829 3862 fuisset,
1849 3771 1895 3835 ut
1917 3759 2213 3872 Sipontinorum

546 3871 686 3956 nullae
713 3899 841 3986 partes
869 3877 1037 3985 luerint,
1075 3903 1155 3967 tota
1175 3883 1336 3998 prorsus
1362 3914 1599 3985 everteretur
1624 3895 1796 3982 historia.
1823 3898 1888 3984 Ex
1916 3929 2000 4014 quo
2027 3900 2131 3987 illud
2150 3932 2219 3986 no-

544 4009 609 4095 ·his
637 4041 774 4099 eruere
803 4015 948 4122 liceat,
976 4021 1226 4135 Scriptorum
1248 4025 1420 4116 illorum
1450 4055 1496 4118 ut
1523 4055 1564 4122 et
1596 4033 1749 4121 Adom's
1762 4060 1886 4124 aetate
1904 4039 2107 4125 historiam
2132 4058 2213 4126 tur

546 4151 679 4237 ltatam
708 4155 847 4262 fuisse,
875 4162 1048 4262 maxime
1076 4164 1189 4277 qnod
1218 4168 1282 4272 hi,
1298 4199 1398 4284 quos
1427 4169 1558 4258 adhuc
1588 4181 1909 4283 memoravimus,
1937 4182 2144 4292 scriptores
2160 4179 2215 4266 de

540 4291 741 4402 menliari
767 4297 804 4380 S.
833 4297 1068 4418 Archangeli
1098 4302 1213 4390 cultu
1241 4305 1447 4424 tamquam
1475 4309 1844 4404 Beneventanomm
1871 4322 2027 4432 patroni
2054 4326 2221 4408 meudo-

543 4433 642 4514 nem
670 4438 852 4520 iniiciant.
884 4436 1027 4556 Neque
1064 4445 1172 4532 enim
1200 4468 1288 4534 ante
1315 4449 1353 4534 S
1381 4447 1539 4536 Barbati
1569 4475 1747 4568 tempora
1774 4458 1887 4546 ullus
1924 4433 2033 4573 epitrd
2062 4457 2221 4578 lango-

548 4571 694 4656 bardos
721 4573 760 4656 S.
787 4579 1022 4697 Archangeli
1051 4584 1181 4672 cultus
1208 4587 1287 4673 luit
1316 4589 1380 4676 vel
1409 4619 1491 4676 esse
1519 4599 1671 4708 potuit3
1701 4600 1815 4712 isque
1843 4629 1936 4687 nam
1964 4599 2132 4687 demum
2160 4607 2219 4692 in·

548 4705 946 4824 cepisse'credendus
976 4715 1053 4828 est,
1082 4746 1293 4840 postquam
1323 4736 1481 4844 propria
1510 4733 1737 4846 didicerant
1765 4745 2032 4856 experientia,
2075 4747 2214 4857 quanti

544 4842 584 4933 S
612 4850 850 4975 Archangeli
879 4859 1150 4950 Patrocinium
1179 4889 1286 4972 esset,
1315 4892 1354 4954 et
1383 4877 1611 4985 pracsertim
1657 4899 1776 4988 tum,
1804 4911 1900 4971 cum
1927 4881 1964 4976 S·
1992 4885 2221 5002 Episcopus
