4914 6610
1219 491 1396 615 (re)

482 674 579 791 gerii
594 674 684 756 satis
698 667 892 757 declarare
906 688 1010 780 post·
1023 664 1438 758 Nortmannorumin
1465 667 1534 757 has
1562 672 1739 787 regiones
1770 666 1989 759 adventum
2016 669 2158 782 ipsum

479 819 667 904 floruisse.
695 815 880 926 Denique
908 815 951 896 in
967 801 1309 896 illamidescondit
1324 805 1574 896 doctissimus
1588 810 1632 896 P.
1661 810 1883 923 Elephanta
1901 819 2147 920 sentendam,

478 960 516 1044 S.
544 951 836 1072 Rogerinm,de
864 981 946 1065 quo
974 953 1140 1065 agimus,
1168 947 1286 1032 illum
1314 951 1448 1061 ipsum
1477 949 1606 1056 fuisse,
1634 954 1705 1067 qui
1735 951 1864 1039 adfuit
1901 952 2142 1042 dedicationi

478 1093 674 1182 Ecclesiae
702 1093 742 1178 S·
773 1091 911 1176 Sabini
936 1087 1096 1184 Canusii
1132 1085 1379 1178 aPasclrale
1408 1089 1461 1176 ΙΙ
1479 1119 1580 1178 anno
1611 1093 1757 1182 MCII
1766 1115 1980 1206 peractae,
2017 1117 2065 1180 ut
2091 1127 2139 1184 ex

467 1233 678 1330 ¹Pontificis
705 1233 932 1346 Diplomate
960 1232 1003 1314 in
1030 1226 1225 1326 Ecclesiae
1253 1225 1472 1318 Canusinae
1499 1229 1714 1320 Tabulario
1741 1256 1921 1337 servato,
1949 1256 1988 1318 et
2026 1233 2139 1350 qnod

475 1377 598 1468 Istat·
611 1375 778 1460 Tortora
795 1375 961 1474 recitat,
989 1390 1030 1452 ct
1056 1396 1105 1454 ex
1133 1396 1351 1460 marmorea
1378 1374 1628 1483 inscnprione
1656 1371 1787 1460 adhuc
1815 1397 1991 1462 exeunte
2024 1382 2149 1464 mani

476 1514 575 1602 fecte
586 1535 772 1637 apparet
792 1507 1029 1626 Optandum
1059 1527 1158 1595 esset
1173 1525 1221 1594 nt
1243 1505 1500 1600 cumam
1455 1539 1539 1602 virt
1527 1512 1781 1745 Elephente
1798 1518 2032 1698 Dissertatio
2050 1522 2153 1633 typis

482 1628 723 1775 vulgaretur

471 1860 474 1870 .
596 1796 709 1885 Illud
737 1794 846 1886 idem
874 1789 1051 1910 qnodS.
1079 1775 1251 1899 lingerio
1277 1783 1473 1877 Cannensi
1500 1795 1658 1899 event,
1685 1815 1733 1878 ut
1763 1824 1785 1878 a
1813 1795 1975 1883 saeculo
1999 1797 2095 1888 XII
2103 1795 2153 1882 ad

487 1940 540 2032 V
557 1940 623 2028 vel
656 1943 708 2030 V
700 1941 750 2046 Ι
785 1941 1107 2026 retrotraheretur
1144 1936 1265 2025 deS
1299 1931 1509 2022 Riehardo
1537 1911 1825 2024 Andriensiuin
1854 1919 2087 2054 Episcopo,
2116 1959 2154 2026 et

482 2103 649 2198 patrono
676 2082 856 2187 sectum,
883 2084 995 2166 cuius
1022 2077 1358 2168 Nortmannicum
1385 2101 1531 2162 nomen
1559 2077 1679 2163 etiem
1708 2097 1798 2188 post
1826 2083 2025 2170 eorumin
2042 2079 2153 2196 Apu.

483 2226 580 2312 liam
607 2221 825 2314 adventum
858 2221 1039 2312 floruisse
1073 2217 1192 2308 illum
1230 2215 1485 2305 demonstrat.
1516 2213 1727 2329 Ughellius
1772 2247 1867 2306 vero
1896 2217 2147 2310 Rr'clrardnm

488 2363 760 2458 Andrt'ensem
787 2362 965 2454 Concilio
983 2359 1171 2448 Romano
1208 2355 1379 2448 adfuisse
1423 2355 1611 2448 indicavit
1648 2389 1750 2450 anno
1783 2357 2044 2450 Mchxtx
2072 2363 2150 2448 sub

485 2503 711 2592 Alexandro
738 2503 813 2588 ΙΙΙ.
843 2505 1105 2588 Doctissimus
1132 2531 1296 2616 quoque
1322 2497 1611 2612 Papebrochins
1638 2501 1733 2586 haec
1776 2502 1895 2590 habet
1923 2503 2004 2620 (1):
2028 2501 2154 2592 Jt'itil

484 2673 569 2726 esse
598 2672 764 2726 caussae
792 2657 961 2756 apparet
990 2669 1063 2725 cur
1091 2641 1131 2726 S.
1161 2635 1393 2730 Richardus
1413 2637 1702 2726 Andriensiam
1716 2643 1964 2762 'Epis-copus,
1984 2649 2055 2760 qui
2070 2643 2151 2728 lanc

485 2782 552 2867 dte
579 2783 721 2867 colitur
746 2812 827 2864 non
838 2777 978 2892 suerit
1006 2779 1115 2865 idem
1144 2785 1248 2891 ipse,
1264 2777 1315 2860 de
1343 2811 1419 2896 qaia
1446 2784 1643 2864 anemoria
1656 2785 1701 2863 in
1722 2781 1796 2864 doc
1810 2799 2076 2889 monumento,
2099 2787 2171 2868 alr.

490 2918 704 3009 Hadriano
734 2920 813 3007 IV
830 2919 970 3002 itidem
996 2937 1039 3002 at
1066 2924 1150 3032 ipse
1179 2923 1343 3011 natione
1373 2919 1533 3035 Angla,
1575 2917 1763 3003 velante
1801 2921 1876 3005 vel
1910 2925 1955 3005 in
1995 2895 2152 3039 Pontifi

473 3069 582 3142 ‘catu
609 3061 887 3178 ministravit,
910 3083 1141 3172 promotus,
1159 3085 1197 3150 et
1227 3058 1436 3147 ordinatus
1465 3064 1573 3142 intra
1601 3092 1729 3146 annos
1757 3063 2008 3150 MCLIVet
2038 3067 2146 3152 ΜΟ

485 3197 597 3292 LIX
615 3202 754 3315 quibus
772 3199 837 3286 itte
866 3201 1142 3288 universalem
1170 3189 1395 3294 Ecclesiam
1431 3187 1549 3298 rescit.
1580 3201 1727 3318 Neque
1767 3198 1921 3312 refiert,
1959 3209 1998 3286 si
2032 3201 2143 3318 longe

482 3339 566 3430 alia
593 3319 887 3460 vetrotiaraqae
915 3359 1084 3434 narrent
1111 3343 1295 3426 lectiones
1321 3346 1441 3460 efficii
1469 3345 1642 3458 proprii,
1671 3345 1810 3458 qrtidus
1842 3343 2025 3439 Ecclesia
2057 3345 2137 3440 Αιι·

483 3477 656 3567 dricnsis
679 3511 755 3593 per
782 3479 860 3576 dico
871 3479 1071 3594 fhrtassis
1098 3482 1258 3572 saecula
1286 3513 1393 3578 nureo
1420 3487 1550 3565 utitur.
1573 3482 1688 3574 Haec
1710 3483 1819 3578 enim
1838 3511 1917 3565 non
1932 3487 2143 3568 cactaban

469 3655 575 3718 ..cum
603 3651 744 3736 corpas
764 3625 805 3708 S.
828 3620 1029 3718 Riclaarcli
1054 3625 1332 3735 reperiebatur,
1349 3627 1471 3710 inante
1499 3651 1573 3712 nec
1601 3621 1797 3712 sciebatur
1819 3617 1948 3736 vulgo
1979 3621 2064 3706 dies
2082 3626 2144 3705 od·

482 3767 589 3864 itus,
627 3766 722 3878 qaia
749 3759 825 3874 (ut
852 3768 908 3844 ait
937 3762 1114 3874 Scriptor
1140 3762 1325 3854 historiae
1354 3761 1631 3878 inuentionis)
1660 3737 1829 3875 legenda
1855 3791 1936 3848 non
1963 3780 2050 3854 erat
2077 3767 2137 3846 in·

484 3921 608 3990 venta.
639 3903 755 3990 Haec
782 3931 882 3989 vero
910 3934 1001 3996 cunt
1029 3925 1271 4014 necpostea
1298 3909 1572 4010 inventerit,
1609 3935 1852 4022 consequens
1890 3924 1948 3996 est
1984 3903 2140 3988 nullan

477 4057 619 4157 postea
643 4045 766 4127 scribi
786 4047 959 4154 patuisse
989 4049 1070 4128 nisi
1101 4077 1179 4159 per
1216 4075 1350 4140 meras
1387 4053 1640 4132 coniecturas.
1681 4044 1797 4130 alde
1840 4043 1948 4162 quod
1973 4045 2040 4128 An
2060 4041 2152 4136 dria

485 4215 566 4267 non
593 4189 757 4272 videtur
783 4195 875 4274 urbs
906 4203 1042 4274 tantae
1071 4189 1329 4300 antiquitatis,
1347 4214 1421 4270 noc
1449 4187 1606 4276 saeculo
1640 4187 1692 4274 V
1711 4183 2015 4301 Angiasanones
2051 4215 2140 4272 con·

486 4333 596 4414 verti
632 4349 846 4437 coeperant.
876 4333 1080 4424 Flrrtassis
1112 4327 1270 4418 Andria
1299 4326 1530 4438 Episcopali
1570 4325 1762 4442 dignitate
1806 4324 1955 4410 donata
1991 4324 2085 4452 suit
2131 4361 2159 4412 a

483 4777 499 4796 Ν,
585 4692 640 4794 (ι)
667 4685 709 4759 lu
735 4689 903 4766 netis-ss.
933 4692 975 4764 ad
1003 4693 1096 4766 diam
1122 4714 1156 4766 2.
1187 4688 1290 4764 Iunii.
