4914 6610
1263 539 1442 658 (184)

611 725 675 808 Sic
703 721 877 805 Ecclesia
912 734 1119 820 enstrneta,
1146 708 1310 819 accidit,
1337 729 1384 794 ut
1398 707 1653 822 sequentibus
1687 711 1799 798 annis
1818 717 2186 829 crucesignatorum

500 869 618 952 rebus
647 863 868 965 declinatis,
897 860 1063 973 plurimi
1090 885 1139 939 ex
1168 859 1261 965 ipsis
1291 873 1441 937 nostras
1470 852 1512 948 in
1541 857 1717 966 regiones
1746 847 1939 956 reduces,
1968 881 2091 940 sacras
2126 886 2184 976 se·

500 1039 593 1100 eum
623 1003 874 1120 irnagines,in
902 999 1041 1110 primis
1069 992 1319 1084 Beatissimae
1349 987 1549 1110 Virginis,
1579 996 1750 1106 quisque
1779 994 1821 1084 in
1851 997 2021 1103 patriam
2047 1025 2180 1104 suam,

498 1148 693 1234 inferrent.
721 1145 837 1232 Certe
864 1171 966 1256 quae
996 1147 1036 1225 in
1065 1139 1251 1243 Ecclesia,
1266 1133 1317 1220 de
1346 1169 1425 1252 qua
1454 1141 1620 1255 agimus
1640 1140 1741 1250 picta
1771 1133 1918 1224 colitur
1948 1137 2105 1242 tabula,
2134 1159 2177 1224 et

498 1325 599 1410 quae
628 1291 833 1406 Virginem
860 1289 925 1370 83.
954 1281 1110 1366 exhibet
1138 1313 1311 1395 puerum
1338 1277 1473 1364 Iesum
1501 1282 1603 1362 inter
1627 1277 1739 1368 ulnas
1758 1276 1988 1397 habentem,
2008 1279 2170 1366 duobus

499 1458 602 1520 retro
630 1431 790 1547 Angelis
838 1427 970 1511 aulaea
1001 1421 1355 1539 protendentibus,
1384 1417 1526 1512 Graeci
1566 1421 1764 1531 pennicilli
1794 1449 1895 1532 opus
1925 1441 2013 1522 est,
2058 1439 2173 1508 utet

500 1577 631 1688 plures
659 1575 765 1674 aliae,
795 1601 895 1684 quae
924 1566 994 1680 per
1023 1569 1275 1650 Provinciam
1304 1557 1522 1664 videntur,
1550 1593 1675 1676 eaque
1703 1561 1754 1652 ab
1782 1567 1919 1678 aliquo
1946 1597 1996 1654 ert
2033 1573 2175 1658 nostris

500 1719 734 1814 transvecta,
763 1718 804 1798 in
833 1735 1006 1806 nostram
1044 1703 1189 1794 deinde
1227 1707 1344 1791 inlata
1379 1697 1457 1786 fuit
1486 1702 1706 1830 Ecclesiam
1727 1729 1795 1808 ,et
1823 1709 2176 1836 Melphieteusium

503 1855 663 1969 publice
692 1858 865 1966 exposita
893 1851 1131 1934 venerationi
1169 1851 1301 1933 statim
1331 1843 1530 1940 miraculis
1554 1844 1830 1961 ‘prodigiisque
1868 1847 2079 1941 clarescere
2118 1889 2179 1944 ce„

506 1999 595 2108 pit',
631 1998 685 2076 ita
722 2015 767 2075 ut
811 1990 974 2076 celebris
1003 1993 1172 2074 nominis
1201 1990 1376 2077 Ecclesia
1413 1985 1534 2077 titulo
1563 1987 1603 2070 S.
1634 1993 1802 2088 Mariae
1840 1990 1891 2074 de
1923 1995 2186 2124 Marsyaba,

507 2153 545 2216 et
572 2128 684 2242 apud
711 2139 862 2214 exteros
891 2159 1056 2242 quoque
1084 2126 1206 2212 fieret
1235 2131 1296 2214 Ea
1324 2157 1373 2214 ex
1409 2131 1492 2238 ipsa
1521 2122 1730 2218 devotione
1758 2127 1937 2236 factum,
1973 2143 2020 2224 u't
2056 2159 2181 2222 certa.

509 2278 583 2365 tim
613 2270 910 2382 illelplricteuses
938 2267 1161 2384 Episcopi,
1190 2293 1230 2355 et
1260 2276 1364 2356 cives
1392 2261 1569 2372 aedificia
1608 2263 1796 2380 aedificiis
1822 2267 2011 2358 adderent
2028 2306 2046 2386 ;1
2076 2297 2118 2358 et
2145 2309 2182 2360 a*
2249 2319 2253 2326 ·

508 2412 580 2502 lias
609 2413 721 2525 quasi
750 2411 943 2516 Ecclesias
972 2413 1158 2522 primitus
1186 2431 1403 2510 exstructae
1438 2406 1729 2522 adiungerent,
1757 2419 2002 2530 superiorem
2041 2418 2187 2520 scilicet

508 2551 547 2646 S,
576 2544 772 2633 leonardi
801 2552 990 2652 nornine,
1019 2571 1059 2633 et
1085 2547 1313 2649 inferiorem
1341 2547 1487 2632 Christi
1507 2547 1639 2636 Natali
1668 2553 1848 2652 dicatam.
1878 2557 1964 2648 Nec
1993 2559 2043 2648 ab
2070 2588 2182 2642 orna÷

512 2712 559 2790 tu
587 2691 625 2794 S,
653 2688 840 2804 Imagiuis
870 2709 1075 2804 cessatum.
1104 2690 1355 2798 Exteriorepr
1386 2693 1491 2791 enim
1522 2693 1697 2798 frontem
1726 2697 1924 2806 aediculae
1962 2707 2109 2809 ipstar,
2136 2704 2188 2788 la·

511 2826 674 2940 pidibus
703 2828 926 2944 anaglypho
954 2859 1072 2942 opere
1100 2827 1264 2941 pulchre
1291 2831 1456 2944 sculptis
1486 2832 1654 2954 adiungi
1682 2840 1795 2938 iussit
1824 2839 1990 2938 Ioannes
2019 2844 2190 2962 Baptista

513 2963 620 3054 Cibo¹
644 2966 861 3062 Cardiualis
889 2970 926 3066 S,
954 2967 1155 3074 Caeciliae,
1183 2995 1223 3068 et
1250 2968 1540 3084 Melplticteusis
1569 2975 1813 3092 Episcopus,
1832 3001 1966 3092 postea
1995 2981 2182 3088 Innocen-

512 3111 593 3197 tius
611 3105 734 3212 2Vlll,
762 3107 871 3208 Tum
899 3137 944 3210 et
972 3112 1091 3210 Vicini
1119 3116 1237 3208 uaris
1264 3143 1373 3207 erosa
1409 3111 1598 3216 salsedine
1639 3119 1819 3223 sublata,
1860 3145 1901 3220 et
1937 3125 2185 3221 insectaris

515 3258 730 3340 memoriae
759 3269 922 3357 caussa,
950 3276 997 3339 ut
1024 3256 1144 3340 etiam
1172 3251 1294 3341 hodie
1323 3256 1503 3369 videtur,
1531 3267 1718 3377 reposita,
1747 3297 1896 3354 novam
1922 3269 2074 3358 selectis
2091 3303 2191 3356 man

516 3393 696 3477 moribus
723 3394 811 3482 fier-i
846 3398 997 3496 amavit
1025 3396 1320 3486 illustrissimus
1349 3396 1528 3509 Bovius,
1556 3409 1623 3492 cui
1651 3406 1813 3493 tandem
1844 3411 2086 3508 venerandae
2111 3443 2192 3498 me

515 3535 663 3615 moriae
691 3535 912 3650 Episcopus
941 3538 1143 3632 Fabricius
1174 3537 1370 3637 Antonius
1399 3542 1581 3636 Saleruus
1611 3580 1883 3664 marmoreum
1902 3559 2022 3656 altare
2040 3584 2188 3682 suppo

518 3677 606 3762 suit.
636 3673 797 3772 Alexius
825 3673 990 3805 qunque
1018 3680 1240 3772 Celadeuus
1269 3717 1291 3768 e
1319 3685 1469 3784 Misitra
1498 3689 1772 3804 Peloponnesi,
1792 3685 2100 3808 Callipolltanus
2128 3729 2192 3782 au÷

519 3835 580 3916 tea
609 3811 857 3928 Episcopus,
888 3844 1019 3942 postea
1049 3852 1143 3908 vero
1172 3823 1462 3942 lllelplrictensis
1489 3859 1615 3930 sacrae
1645 3832 1833 3950 lnraginis
1852 3842 2047 3956 margines
2079 3837 2196 3926 lamii

519 3980 568 4057 pa
598 3970 776 4068 argentea
809 3967 983 4070 ornavit,
1005 3967 1105 4078 quin
1133 3984 1173 4048 et
1201 3970 1392 4080 argenteis
1420 3997 1581 4082 quoque
1609 3973 1769 4076 laminis
1797 3959 1966 4106 Imagini
1995 3984 2069 4100 ipsi
2098 3979 2195 4068 adfi.

523 4097 611 4193 xis,
640 4121 818 4228 (puerum
845 4099 967 4210 pltera
995 4101 1243 4244 Episcopum
1272 4109 1405 4234 ipsum
1434 4109 1690 4232 genuflexum
1718 4117 1904 4226 expilret,
1942 4117 2063 4216 altera
2101 4149 2194 4225 vere

524 4692 750 4772 Scriniorior
764 4719 825 4772 um
850 4751 861 4791 ,
887 4697 940 4773 vel
965 4701 1076 4798 potius
1100 4701 1451 4792 Primiscrr'rriarium
1477 4699 1705 4800 (utzputanrus
1729 4705 1918 4810 legendum)
1938 4767 1948 4804 ,
1968 4735 2008 4784 rx
2032 4707 2203 4802 lncrlrara·

526 4836 558 4900 tn
591 4821 711 4933 liqut-t,
747 4828 805 4938 qui
835 4825 957 4916 scilicet
983 4826 1062 4920 alins
1087 4828 1231 4909 Clericus
1255 4829 1289 4920 in
1311 4828 1486 4922 scribendis
1512 4829 1603 4922 lictis
1628 4831 1792 4918 adiutores
1818 4835 1963 4926 luberet.
