4914 6610
882 592 893 607 ’
1012 587 1031 703 (
1065 587 1192 702 1,69)

247 737 418 854 Gelasio
461 759 575 874 Papa
614 757 666 844 ΙΙ
692 771 777 840 amo
815 784 908 840 cum
944 755 1190 842 Terracinae
1223 759 1462 843 morabatur.
1491 755 1599 841 Haec
1643 755 1930 848 eruditissimus

240 902 580 1018 Papebrochius,
607 929 711 1016 quae
753 926 897 1010 caspe
936 897 1145 985 attulimus
1183 900 1289 1004 iore,
1317 921 1363 984 ut
1402 899 1545 986 melius
1583 929 1628 983 ac
1666 897 1822 986 firmius
1852 906 1930 990 Au-

233 1043 425 1131 drienses
453 1043 490 1126 S.
520 1071 661 1126 eorum
690 1040 850 1124 Patroni
878 1061 1049 1126 aetatem
1077 1060 1278 1147 statuant3
1308 1046 1660 1158 monumentisque
1689 1048 1833 1128 tutiora
1853 1039 1922 1126 da

245 1209 399 1289 ceant,
435 1211 521 1300 quo
549 1186 591 1268 in
620 1177 791 1267 secunda
820 1179 939 1264 huius
967 1201 1123 1269 nostrae
1152 1178 1315 1293 Opellae
1359 1203 1494 1295 parte,
1532 1183 1775 1296 palinodiam
1814 1187 1934 1268 etiam

238 1333 282 1428 si
316 1301 517 1440 oporteat,
546 1353 740 1408 canamus
769 1320 961 1410 Ceterum
991 1322 1062 1408 illa
1090 1325 1216 1440 magis
1244 1319 1423 1406 eiusdem
1452 1322 1712 1436 Papebroehii
1741 1327 1935 1412 coniectu·

233 1499 286 1572 ra
322 1465 500 1570 arridet,
527 1469 601 1582 qui
631 1445 959 1551 &trimodam
988 1461 1106 1548 illum
1135 1463 1269 1575 ipsum
1307 1461 1426 1550 fuisse
1462 1462 1649 1554 adfirmat
1680 1465 1935 1558 Reclaardtm

234 1609 521 1694 Andriensem
547 1607 808 1719 Episcopum,
830 1609 902 1720 qui
923 1633 970 1689 ex
990 1624 1253 1689 monumento
1280 1609 1372 1689 anni
1399 1603 1736 1696 MCLXXXXVI
1767 1605 1932 1694 habetur

240 1749 448 1867 ,relliquias
478 1749 537 1834 ἃς.
568 1748 811 1861 Martyrum
839 1748 1007 1831 Erarmi
1026 1762 1079 1830 ,et
1109 1743 1296 1832 Pontiam
1331 1779 1359 1828 a
1394 1745 1584 1834 Civitella
1613 1748 1840 1834 Samm'tzan
1879 1757 1932 1836 oi·
2004 1725 2010 1732 ⁸

239 1904 446 1994 ,circorum
473 1889 617 2005 oppido
645 1906 777 1974 nante
803 1887 932 1973 ln'lari
957 1906 994 1972 ct
1022 1885 1167 1976 devoto
1193 1918 1300 2003 genn
1327 1891 1510 2000 suscepit·
1544 1887 1627 1973 Nec
1647 1888 1751 1976 illud
1772 1891 1930 1976 silentio

235 2033 589 2167 praetereundum
617 2035 691 2116 erit
720 2029 872 2114 nullam
902 2059 1063 2143 pmrsns
1092 2036 1133 2116 iu
1161 2031 1353 2144 antiquis,
1380 2059 1485 2142 quae
1513 2029 1686 2142 plurima
1727 2032 1928 2148 legimus,

245 2175 503 2296 agiographis
531 2175 676 2258 harum
704 2173 913 2286 regionum
943 2169 984 2253 S.
1014 2169 1238 2274 teotardi,
1274 2174 1349 2254 nisi
1376 2169 1597 2262 admodum
1630 2179 1775 2259 recenti
1807 2205 1928 2268 manu

240 2308 491 2428 ¹memoriam
520 2315 598 2432 legi
628 2333 763 2400 contra
792 2309 856 2414 id,
885 2308 997 2425 quod
1026 2310 1221 2395 Historiae
1258 2317 1494 2398 inventionis
1526 2319 1701 2426 scriptor.
1737 2311 1928 2402 adfirma-

237 2465 322 2545 uit.
352 2459 402 2544 In
429 2457 630 2556 Breviario
658 2474 816 2538 tantum
847 2451 937 2536 Mss.
967 2449 1184 2545 Canusinae
1215 2453 1412 2541 Ecclesiae
1440 2451 1501 2540 ad·
1521 2459 1741 2570 marginem
1770 2477 1808 2538 et
1837 2452 1927 2548 jnfi.

240 2627 365 2704 paam
394 2598 557 2711 paginae
584 2623 697 2694 orem
726 2591 896 2708 tegimus
924 2588 1000 2678 alia
1029 2629 1172 2706 manu,
1200 2623 1240 2684 et
1268 2596 1434 2712 quidem
1463 2595 1543 2679 XV
1577 2595 1733 2682 saeculo
1760 2616 1929 2680 exeunte
1989 2659 1993 2673 .

236 2744 463 2854 scriptam,
492 2757 538 2818 ut
566 2730 745 2836 videtur,
764 2717 1052 2851 'Arzaptooaam
1077 2737 1132 2826 de
1160 2742 1197 2824 S.
1225 2735 1422 2836 Ricliardo
1453 2766 1529 2834 nna
1558 2765 1650 2836 cuni
1680 2740 1854 2832 oratione
1884 2739 1927 2822 in

241 2863 433 2990 eiusdem
462 2877 563 2963 festo
591 2873 643 2960 ad
672 2873 784 2964 diem
812 2876 848 2960 S.
868 2877 1018 2968 Marci:
1050 2899 1262 2992 utramque
1281 2859 1322 2960 in
1342 2881 1421 2962 ima
1441 2881 1579 2991 pagina
1599 2873 1741 2960 damus
1756 2872 1827 2990 (ι)
1847 2875 1926 2972 Sed

248 3057 273 3109 a
306 3018 547 3106 diverticulo
576 3021 618 3102 iu
647 3023 764 3102 viam.

361 3159 505 3260 Plura,
535 3161 570 3241 si
600 3180 783 3264 vacaret,
813 3156 978 3245 dicenda
1009 3184 1134 3247 essent
1163 3179 1203 3244 et
1231 3155 1284 3242 de
1312 3179 1493 3273 tempore
1526 3191 1611 3275 qno
1639 3163 1677 3245 S.
1707 3162 1925 3280 Archange.

244 3303 313 3414 ¹lus
343 3333 365 3384 a
395 3297 670 3418 longobardis
698 3323 746 3386 ut
775 3329 915 3384 eornm
946 3301 1137 3384 Patronus
1166 3297 1324 3384 babitus
1354 3295 1573 3402 si13etde
1602 3300 1748 3409 horrore
1780 3305 1928 3390 ›8le

245 3443 404 3544 ,abaelis
436 3438 717 3557 Archangeli,
743 3445 799 3524 sic
827 3445 934 3545 euim
962 3437 1167 3546 dicebant,
1196 3473 1280 3557 quo
1306 3443 1437 3528 ornari
1472 3438 1625 3560 Regalis
1668 3446 1783 3537 etiam
1816 3443 1928 3528 fami·

248 3591 328 3692 liae
356 3591 559 3700 Principes
588 3585 786 3687 solebant,
816 3603 903 3664 tum
934 3578 1109 3696 denique
1138 3581 1189 3668 de
1207 3582 1588 3698 peregrinationibus
1607 3583 1839 3666 Sanctorum
1856 3583 1936 3667 hn'

250 3738 438 3836 minum,
467 3750 508 3815 et
536 3729 768 3840 Principum
798 3748 836 3811 et
876 3726 1168 3838 Imperatorum
1205 3700 1474 3808 adsumtum
1513 3721 1659 3806 locum.
1680 3719 1924 3833 vOptandnm

248 3845 441 3990 equitlem
469 3893 596 3972 esset,
624 3889 672 3951 ut
699 3865 814 3979 plena
842 3868 1058 3976 Sanctuarii
1086 3888 1169 3948 tam
1185 3863 1349 3950 celebris
1367 3866 1602 3951 scriberetur
1622 3860 1924 3964 historiaflautl

248 4105 414 4130 ἡ

289 4151 294 4159 ι
351 4151 357 4163 ,
381 4152 385 4159 .

349 4249 407 4350 (ι)
435 4243 588 4352 Antipb.
618 4241 804 4348 lucremur
826 4241 997 4334 ¹Clnistum
1025 4237 1270 4354 Dominum'et
1296 4236 1501 4334 llicbanlum
1527 4235 1732 4334 Episcopum
1758 4258 1835 4308 cum
1860 4237 1926 4310 suis

247 4383 368 4459 sanctis
393 4377 544 4478 precibus
566 4401 626 4448 nos
640 4371 803 4445 condurat
828 4371 862 4443 in
887 4367 1058 4442 celestibus
1083 4397 1120 4444 ιτ.
1142 4365 1209 4440 Ora
1239 4361 1407 4465 pronubis
1431 4399 1467 4446 :a
1486 4363 1572 4437 Ort>
1593 4365 1813 4460 Omnipotens
1836 4383 1922 4438 sem·

242 4509 371 4609 piterue
402 4505 492 4578 Deus
516 4505 577 4604 qui
603 4499 738 4574 beatum
764 4495 965 4572 Richardum
990 4497 1188 4588 Pontificem
1214 4509 1247 4573 et
1263 4493 1491 4576 Coulessoram
1515 4505 1608 4566 tuum
1631 4507 1823 4584 sanctorum
1843 4507 1922 4570 tuo-

241 4612 319 4732 rum
346 4633 499 4731 Collegio
529 4629 679 4704 sociasti.-
714 4626 857 4700 concede
892 4624 989 4698 nobis
1020 4648 1202 4726 quesumus
1238 4635 1276 4696 ut
1313 4620 1381 4694 rius
1418 4621 1546 4696 meritis
1588 4635 1621 4694 et
1644 4619 1799 4720 precibus
1821 4633 1915 4716 tuam

241 4759 500 4848 misctieordinm
525 4765 769 4870 consmuqur
801 4767 834 4825 et
865 4777 980 4850 pacem
1006 4751 1069 4826 bac
1085 4748 1204 4854 -(sic)
1228 4747 1345 4824 mentis
1371 4759 1405 4821 ct
1425 4748 1580 4848 'corporis
1595 4759 1753 4848 perpetua
1768 4747 1924 4852 sospitate

239 4891 400 4986 fruamur·
428 4887 493 4962 Par
518 4865 711 4964 domium?
723 4899 788 4962 etc.
929 4921 931 4926 ·

1406 4985 1563 5088 aa'
