4914 6610
1064 506 1082 624 (
1117 505 1187 594 181
1223 505 1241 622 )
1338 497 1343 508 ’

328 689 421 776 tas,
452 689 490 755 et
518 667 679 775 facilis,
708 689 899 786 tutusque
926 701 1050 788 qnam
1078 671 1265 788 latissime
1301 674 1552 790 navigiorum
1602 669 1820 784 appulsus,
1850 702 2002 761 necnon

329 834 366 894 et
397 841 522 924 prope
550 810 763 900 Civitatem
792 818 1031 910 commercio
1059 813 1260 921 Orientis,
1291 837 1384 902 tunc
1413 815 1629 926 temporis,
1662 831 1703 898 et
1730 819 1999 902 onerariarum

328 957 494 1036 navium
523 950 788 1082 multitudine
816 953 1056 1059 florentem,
1086 977 1132 1039 ut
1160 955 1253 1040 alias
1282 955 1555 1057 narrabimus,
1583 973 1622 1035 et
1651 952 1771 1036 etiam
1799 951 1912 1068 quod
1941 958 1997 1036 in-

328 1109 386 1174 ter
414 1089 499 1174 duo
527 1117 631 1178 esset
660 1095 894 1179 Monasteria
923 1099 1058 1206 paucis
1086 1095 1151 1180 ltic
1180 1093 1276 1179 inde
1305 1095 1482 1212 passibus
1520 1091 1732 1196 distantia,
1775 1113 1823 1175 ut
1861 1121 1911 1176 ne
1950 1095 2004 1178 sic

328 1226 583 1316 infirmorum
612 1263 738 1354 curae,
757 1257 796 1317 et
824 1235 1037 1351 Religionis
1067 1236 1335 1321 Sanctissimae
1364 1234 1603 1320 adiumentis
1631 1231 1873 1346 praestandis
1901 1231 2004 1348 quid

331 1369 490 1458 deesset.
519 1376 584 1460 Ex
613 1375 728 1460 dictis
756 1379 1004 1462 Monasteriis
1032 1375 1201 1464 alterum
1232 1375 1399 1490 quidem
1429 1376 1547 1461 titulo
1574 1373 1639 1458 SS.
1659 1375 1858 1490 Philippi,
1877 1397 1916 1460 et
1944 1373 2004 1458 Ia·

332 1515 423 1599 cobi
451 1516 504 1600 ad
532 1511 819 1620 Occidentem,
850 1517 1018 1602 alterum
1048 1521 1113 1604 SS.
1141 1515 1354 1602 Salvatoris
1382 1513 1434 1600 ad
1462 1514 1666 1600 Orientem
1696 1516 1872 1624 positum
1902 1535 1994 1598 erat.

336 1655 521 1740 Primum
563 1687 612 1740 ex
640 1655 760 1740 Bulla
790 1655 991 1740 Hadriani
1012 1659 1071 1786 lV
1109 1688 1212 1742 anno
1240 1655 1460 1740 MCLVIII
1498 1653 1609 1740 aCl.
1641 1653 1830 1772 Ugltellio
1868 1657 1912 1737 ira
1943 1657 2001 1741 Si·

325 1797 507 1902 paratinis
541 1795 665 1880 relato
693 1817 799 1908 patet
827 1794 892 1880 ad·
909 1797 1195 1882 Monasterium
1210 1799 1274 1882 SS.
1301 1799 1502 1883 Trinitatis
1530 1797 1582 1884 de
1610 1799 1747 1882 Monte
1775 1797 1892 1880 Sacro
1915 1825 2003 1908 per-

333 1938 514 2040 tinuisse,
542 1957 582 2018 et
606 1935 665 2059 ibi
693 1935 906 2021 Monaclros
933 1937 1154 2043 habitasse,
1182 1969 1284 2053 quae
1327 1939 1529 2024 exstabant
1557 1961 1687 2024 nostra
1716 1939 1835 2022 etiam
1863 1957 2000 2040 aetate,

337 2072 512 2160 aedificia
542 2097 582 2159 et
610 2073 753 2162 rudera
783 2077 1030 2162 testabantur.
1062 2078 1248 2164 Alterum
1277 2080 1361 2183 ibi,
1390 2080 1460 2165 ubi
1492 2078 1664 2164 nuncle
1698 2080 1817 2163 Croci
1843 2072 2004 2178 dicitnr,

333 2219 524 2301 exstitisse
551 2237 592 2301 et
619 2215 731 2330 apud
759 2217 944 2303 Notarios
973 2189 1448 2330 monumenta⁸plurima,
1466 2240 1558 2302 tum
1586 2239 1627 2302 et
1645 2214 1826 2300 eiusdem
1855 2210 1999 2296 rudera

334 2387 459 2470 prope
487 2357 584 2442 litus
612 2364 730 2444 maris
759 2365 893 2475 paucis
922 2383 1027 2445 retro
1055 2365 1166 2446 annis
1195 2358 1325 2444 adltuc
1354 2362 1561 2470 conspicua
1592 2357 1843 2444 testabantur.

451 2499 588 2584 Locus
611 2500 815 2615 deinceps,
843 2524 890 2587 ut
918 2531 1021 2616 opus
1049 2522 1153 2593 certe
1182 2524 1287 2602 erat,
1314 2500 1540 2585 humandis·
1557 2475 1813 2585 mortuoram
1836 2489 1999 2578 cadave-

337 2641 451 2725 ribus
483 2671 615 2756 prope
637 2641 927 2730 Nosooomium
957 2651 1092 2758 ipsum
1119 2642 1346 2756 adsignatus
1362 2641 1451 2744 suit,
1467 2643 1538 2752 qni
1572 2640 1802 2724 Carnarius
1840 2635 2000 2714 nomine
2110 2638 2113 2667 ¹

339 2783 618 2898 appellabatur.
647 2771 754 2870 Cum
783 2813 878 2872 vero
905 2781 1187 2903 significatione
1214 2781 1347 2896 aliqua
1375 2803 1578 2891 tamquam
1611 2777 1804 2884 Martyres
1834 2775 1860 2855 ii
1884 2769 2000 2852 lrabe-

332 2947 472 3012 rentur
487 2924 777 3044 Cmoesignati,
797 2932 868 3040 qai
888 2959 1148 3050 quocumque
1161 2920 1285 3008 modo
1303 2926 1383 3033 ipsa
1402 2925 1443 3004 in
1461 2915 1860 3030 expeditione,quam
1882 2916 2000 3022 pieta*

334 3071 395 3172 tis,
403 3063 674 3183 etReligionis,
684 3088 722 3150 et
731 3067 883 3150 Patriae
898 3097 1028 3152 caussa
1048 3082 1315 3176 susceperant,
1329 3060 1630 3162 obiissent,lrinc
1643 3049 1999 3139 auctoritateGuil-

325 3207 447 3297 lelmi
481 3204 501 3288 Ι
529 3204 646 3322 Regis
674 3209 796 3289 nostri
825 3233 927 3288 anuo
956 3199 1156 3286 MCtattt
1186 3223 1313 3286 erecta
1341 3200 1518 3308 Ecclesia
1549 3197 1626 3281 suit
1654 3201 1698 3279 ira
1731 3193 1813 3278 laco
1848 3195 2003 3277 Carna-

335 3352 435 3458 riae,
462 3353 530 3434 ubi
556 3375 723 3457 corpora
744 3347 1050 3458 peregrinorum
1080 3342 1326 3458 Martyrum
1355 3339 1661 3456 requiescebant.
1691 3335 1754 3418 Ex
1783 3363 1831 3416 eo
1859 3361 2004 3415 nomen

336 3495 376 3579 S.
405 3493 572 3580 Mariae
600 3487 652 3572 de
667 3487 944 3597 Martyribus
974 3483 1170 3568 Ecclesiae
1207 3480 1358 3566 datum.
1387 3478 1552 3590 Optime
1589 3505 1701 3560 more
1740 3501 1813 3556 suo
1842 3471 2003 3582 Episco-

335 3665 411 3749 pus
438 3632 651 3718 Sarnellius
679 3629 795 3714 docet
823 3655 902 3710 non
930 3656 1046 3730 vere,
1074 3649 1113 3710 et
1139 3626 1302 3740 proprio
1330 3649 1443 3704 sensu
1474 3620 1690 3730 Martyres
1716 3607 1913 3724 appellari,
1931 3607 2001 3720 qui

315 3759 441 3866 'sacra
470 3781 511 3862 in
540 3774 791 3889 expeditione
820 3770 1037 3870 obiissent,
1073 3769 1214 3882 utique
1252 3767 1449 3877 potuisse,
1488 3755 1559 3843 sed
1596 3785 1743 3859 sensu,
1779 3771 1826 3834 ut
1862 3751 1999 3851 aiunt,

338 3924 431 4027 lato,
459 3924 512 4004 ita
540 3935 586 3999 ut
615 3916 733 4030 prasi
758 3925 864 3995 mart
862 3939 967 4028 yres
979 3906 1172 4018 suerint:
1204 3931 1284 4018 qua
1312 3898 1364 3986 de
1392 3931 1435 3984 re
1462 3899 1577 4010 plura
1606 3895 1795 4010 congessit
1832 3890 2001 3973 testimo·

334 4067 424 4168 nia,
454 4055 640 4146 videlicet
668 4051 821 4138 Urbani
853 4053 967 4136 ltin
996 4045 1176 4132 Concilio
1203 4039 1531 4141 Claromontano,
1562 4034 1778 4118 Innocentii
1806 4026 1870 4111 Ill
1890 4029 1932 4109 in
1947 4025 2001 4108 E-

333 4201 477 4320 pistola
510 4194 562 4280 ad
590 4193 777 4277 Aletrium
808 4186 1287 4298 Constantinopolitannm
1316 4179 1634 4292 Imperatorem,
1671 4191 1709 4254 et
1746 4169 1784 4250 S.
1811 4161 2001 4248 Bernardi

333 4341 385 4428 ad
413 4335 663 4448 Templarios
691 4333 916 4438 scribentis,
945 4335 1017 4444 qui
1045 4327 1134 4414 illos
1163 4327 1279 4442 quasi
1306 4323 1546 4431 Martyres,
1565 4332 1601 4396 et
1627 4312 1871 4422 Martyrum
1899 4335 2002 4390 cam·

333 4485 528 4566 mercium
555 4474 745 4559 habentes
773 4466 923 4555 dicunt.
952 4469 1007 4551 lis
1036 4493 1107 4548 nos
1135 4460 1389 4576 adiungimus
1417 4457 1592 4540 Leonem
1611 4449 1710 4554 llll,
1728 4450 1842 4534 cuius
1859 4445 1930 4529 ltac
1947 4440 1999 4526 de

333 4653 376 4706 re
403 4618 591 4702 sententia
619 4600 861 4698 a'Grattano
890 4605 1059 4694 refertur
1093 4605 1215 4688 caus.
1239 4598 1399 4688 XXIII
1410 4598 1571 4712 Quaest.
1592 4593 1710 4682 VIII.
1731 4591 1865 4674 Huius
1880 4615 1996 4698 porro

7 4813 11 4834 ·
333 4761 531 4850 Ecclesiae
558 4753 795 4870 auspicalem
824 4750 1000 4864 lapidem
1029 4752 1163 4861 posuit
1189 4740 1527 4840 Robustinus,sen
1544 4733 1737 4840 llnbensis
1766 4729 1995 4838 Episcopus,

8 4851 25 5173 ἦ
336 4935 379 4993 ea
407 4899 515 5018 qraad
538 4898 830 5012 Melphictettsis
859 4893 1002 4976 absens
1031 4903 1151 4972 extra
1182 4884 1369 4997 Regnum
1401 4894 1511 4962 esset.
1539 4873 1639 4982 Quis
1668 4885 1797 4952 noster
1836 4861 1996 4972 Episco-
2123 4913 2130 4924 ·
