4870 6630
1077 615 1131 700 or
1163 583 1180 700 >

225 758 315 846 deo
346 762 450 846 vivo
485 775 527 843 et
556 785 653 842 vero
680 773 721 840 et
748 749 801 838 da
829 586 1133 844 honorem(Y.¹'¹¹
1160 753 1258 870 Xp.⁰
1301 751 1387 843 filio
1414 759 1498 844 eius
1526 758 1678 874 Spiritu
1716 768 1860 860 Sancto
1889 801 1934 867 ut

227 931 357 988 exeas
388 925 431 988 et
459 896 626 986 decedas
654 895 705 982 ab
733 897 808 988 hoc
836 900 991 987 famulo
1017 898 1096 986 Dei
1125 901 1220 1013 quia
1249 929 1346 984 eum
1374 901 1429 984 ita
1465 901 1541 986 sibi
1569 905 1680 992 Deus
1723 933 1763 995 et
1792 916 1932 1007 Domi-

230 1067 320 1125 nus
376 1063 510 1127 nostcr
556 1033 651 1120 Y.¹¹⁰'
698 1037 808 1154 Xpu·
853 1039 907 1126 ad
962 1071 1076 1128 suam
1120 1061 1295 1125 sanctam
1334 1045 1501 1156 gratiam
1541 1067 1582 1131 et
1621 1044 1938 1144 benedictionem

227 1181 484 1299 fontemque
512 1183 759 1296 baptismatis
786 1212 927 1271 vocare
957 1185 1144 1304 dignatus
1172 1204 1231 1266 est
1258 1205 1298 1266 et
1325 1183 1401 1269 hoc
1442 1191 1609 1304 signum
1653 1220 1783 1284 sancte
1811 1210 1938 1310 crucis

231 1324 366 1439 quod
395 1330 438 1412 in
465 1326 595 1413 fronte
623 1330 710 1415 eius
737 1355 846 1439 pono
872 1349 920 1412 tu
947 1327 1159 1414 maledicte
1186 1327 1344 1415 diabole
1373 1360 1598 1446 numquam
1626 1334 1771 1424 audeas
1809 1343 1931 1430 viola-

241 1498 304 1552 re.
338 1469 420 1552 Per
448 1467 640 1558 eumdem
681 1469 805 1585 Xp.um
837 1473 911 1586 qui
953 1493 1147 1557 venturus
1204 1453 1283 1558 est
1309 1469 1485 1558 iudicare
1519 1479 1632 1563 vivos
1669 1504 1708 1566 et
1741 1506 1931 1573 mortuos

895 1754 1026 1874 Super
1053 1761 1289 1848 Feminam.

366 2043 479 2128 Deus
509 2041 603 2147 celi,
631 2041 743 2126 Deus
773 2061 876 2125 terre
913 2041 1024 2126 Deus
1051 2043 1300 2163 Angelorum
1339 2045 1451 2132 Deus
1489 2048 1780 2163 Prophetarum
1823 2057 1933 2144 Deus

244 2183 486 2295 Martyrum
514 2184 627 2268 Deus
654 2187 840 2268 omnium
869 2181 1195 2274 beneviventium
1223 2190 1333 2275 Deus
1362 2192 1426 2274 cui
1455 2196 1585 2277 omnis
1613 2194 1748 2312 lingua
1772 2197 1932 2286 confite·

239 2349 319 2412 tur
346 2326 551 2413 celestium
580 2325 827 2414 terrestrium
864 2350 906 2415 et
940 2329 1189 2419 infernorum
1227 2352 1266 2416 te
1302 2331 1466 2423 domine
1508 2337 1552 2422 in
1587 2337 1779 2423 famulam
1818 2361 1932 2427 tuam

232 2479 471 2594 perducere
498 2491 541 2556 et
566 2467 769 2558 custodire
796 2470 971 2592 digneris
999 2474 1051 2560 ad
1080 2480 1246 2591 gratiam
1274 2474 1462 2591 baptismi
1490 2484 1559 2566 tui.
1585 2481 1697 2600 Ergo
1720 2481 1932 2570 maledicte
2040 2569 2043 2576 ⁴

236 2617 411 2704 diabole
439 2643 679 2734 recognosce.
708 2634 750 2700 a
775 2619 934 2734 reqmre
960 2634 1067 2702 retro
1094 2637 1137 2704 ε

879 2898 1010 3016 Super
1039 2902 1288 2990 Mascultmc

364 3186 476 3274 Audi
504 3187 718 3274 maledicte
745 3188 903 3276 Satanas
929 3187 1133 3275 adiurante
1160 3220 1232 3303 per
1260 3183 1409 3273 nomen
1441 3188 1519 3274 Dei
1549 3209 1590 3274 et
1618 3191 1789 3275 Domini
1830 3221 1925 3279 cum

249 3354 320 3416 tua
349 3333 477 3416 victus
493 3328 654 3415 invidia
683 3350 856 3415 tremens
882 3361 1122 3448 gemensque
1140 3327 1298 3416 discede
1316 3329 1416 3414 nihil
1436 3331 1510 3415 tibi
1529 3333 1580 3414 sit
1590 3361 1812 3416 ¹commune
1831 3361 1925 3416 cum

249 3501 371 3558 servo
401 3471 466 3572 dei
495 3477 577 3558 iam
607 3471 761 3557 celestia
790 3476 976 3589 cogitanti
1003 3478 1279 3558 renuntiaturo
1307 3472 1382 3558 tibi
1410 3492 1452 3555 et
1479 3470 1613 3556 seculo
1642 3495 1714 3556 tuo
1741 3492 1781 3556 et
1810 3471 1920 3557 beate

248 3614 555 3701 immortalitatis
569 3616 734 3697 victuro.
744 3614 807 3697 Da
817 3615 940 3728 igitur
958 3615 1150 3699 honorem
1179 3617 1323 3727 spiritu
1350 3635 1484 3698 sancto
1501 3616 1572 3727 qui
1597 3617 1754 3728 exsigua
1777 3609 1827 3724 ζ’)
1846 3610 1918 3695 celi

253 3793 340 3847 arce
368 3753 608 3842 descendeus
636 3755 875 3867 perturbatis
903 3754 1113 3842 fraudibus
1141 3753 1279 3842 divino
1306 3755 1416 3840 fonte
1445 3775 1660 3872 purgatum
1690 3773 1845 3867 pectora
1866 3755 1922 3834 vi·

251 3903 397 3992 delicet
424 3893 656 3984 sanctificata
685 3893 803 3981 corda
831 3897 944 3983 Deus
972 3897 1171 4011 templum
1214 3919 1256 3981 et
1291 3895 1560 3983 habitaculum
1598 3881 1775 4008 perficiat
1803 3911 1844 3974 et
1871 3891 1922 3974 ab

256 4043 446 4132 omnibus
464 4043 619 4152 penitus
638 4043 765 4127 noxiis
783 4042 1066 4153 preteritorum
1085 4041 1301 4122 criminum
1320 4037 1508 4122 liberatus
1535 4015 1601 4118 dei
1629 4061 1775 4117 servus·
1783 4033 1925 4148 gratias

252 4185 444 4303 perhenni
471 4181 550 4266 deo
578 4181 718 4269 referat
735 4209 891 4293 semper
909 4200 950 4264 et
966 4175 1173 4264 benedicat
1199 4209 1347 4264 nomeu
1374 4182 1458 4264 eius
1477 4183 1519 4264 in
1537 4173 1675 4262 seculu
1696 4171 1922 4260 seculorum

253 4359 324 4444 per
352 4323 479 4436 ΧΨ·
516 4319 731 4408 dominum
759 4339 965 4406 nostrum:
995 4322 1067 4433 qui
1095 4339 1287 4404 venturus
1315 4340 1381 4404 est
1489 4343 1493 4350 ·

1849 4540 1904 4584 κθ

354 4681 404 4784 (⁶)
422 4680 530 4760 'Forte
554 4707 606 4806 ex
630 4708 784 4759 semema.
895 4731 898 4738 ·
