4870 6630
1111 526 1258 646 (83)

859 777 1507 913 ruauunnruu‘taunnnarn

595 1161 615 1202 ,
702 1097 856 1186 ANTE
886 1095 1072 1184 ANNOS
1098 1097 1421 1202 SEXCENTOS
1449 1100 1658 1192 SCRIPTI

980 1378 1393 1468 rnurrourrun.

457 1643 628 1747 Codex,
654 1640 769 1726 cuius
795 1633 1066 1752 fragmentum
1093 1632 1272 1738 edimus,
1298 1633 1532 1720 Sanctorum
1561 1657 1642 1722 acta
1666 1629 1713 1726 in
1728 1641 1901 1732 Ecclesia
1911 1657 2021 1754 ,siue

343 1797 462 1879 etiam
492 1793 534 1872 in
563 1779 834 1910 Ecclesiastico
853 1773 986 1858 Cursu
1006 1771 1197 1890 legenda,
1225 1794 1264 1859 et
1288 1806 1392 1891 quae
1407 1777 1532 1894 vulgo
1559 1777 2025 1903 legenrbzedicelmm,

344 1927 589 2028 continebat,
616 1949 740 2033 eaque
767 1916 818 2000 ab
846 1912 1108 1999 Adventum
1137 1913 1373 2001 Adventum
1402 1917 1570 2036 digesta,
1592 1943 1637 2006 ut
1668 1923 1837 2013 videtur.
1863 1929 2045 2053 Integra¹

344 2075 522 2188 primum
551 2064 696 2178 legrtur
724 2057 761 2138 S
791 2052 969 2140 Marcelli
997 2055 1135 2168 Papae
1157 2061 1295 2144 Passro
1297 2089 1413 2171 ,pars
1439 2091 1517 2166 ea,
1546 2085 1594 2146 ut
1622 2063 1783 2152 videtur
1791 2071 2048 2176 Actorum,

343 2241 466 2325 rpsrus
494 2209 530 2290 S
559 2199 758 2302 Marcelli,
774 2225 924 2281 necnon
963 2217 1002 2279 et
1031 2194 1086 2278 Ss
1115 2196 1304 2308 Sisinnii,
1332 2199 1483 2316 Largi,
1517 2225 1560 2287 et
1597 2207 1831 2326 Smaragdi‚
1868 2247 2021 2330 quaes

338 2347 647 2440 Bollandianis
636 2365 786 2460 rutegra
814 2342 1037 2424 recitantur.
1066 2339 1326 2426 Emendatior
1356 2339 1638 2474 Bollandiaua,
1668 2372 1807 2458 ¹nostra
1845 2353 2020 2466 videtur,

342 2499 489 2585 Passio.
503 2491 609 2576 Hinc
636 2519 684 2574 ex
712 2488 782 2574 illa
808 2489 999 2574 variantes
1027 2483 1079 2570 ad
1107 2487 1231 2568 imam
1259 2483 1492 2570 subiicimus
1519 2489 1733 2603 paginam,
1758 2521 1868 2606 quo,
1897 2525 1939 2580 re
1957 2526 2021 2582 co

338 2642 470 2754 gnita,
499 2633 656 2747 plenius
684 2630 863 2714 Lectores
892 2625 1067 2710 iudicare
1096 2623 1259 2710 valeant
1782 2707 1785 2717 .

457 2775 659 2862 Passiom's
687 2765 832 2854 deinde
860 2769 1137 2883 subiungimus
1175 2772 1341 2854 initium
1358 2769 1408 2854 .S.
1437 2767 1558 2855 Blasii
1585 2771 1809 2887 Episcopi,
1832 2797 1888 2864 xet
1916 2778 2024 2882 Mar3

347 2919 447 3029 tyris
466 2978 479 3020 ‚
508 2943 556 2997 eo
585 2913 711 3028 magis
739 2903 854 3022 quod
878 2933 1012 2990 uuum
1041 2927 1080 2990 et
1107 2901 1216 2991 idem
1245 2941 1346 3022 pene
1373 2913 1436 3018 sit,
1449 2940 1505 2996 ac,
1524 2908 1628 2997 illud
1646 2909 1758 3027 quod
1774 2913 1927 3002 Clariss
1942 2921 2025 3006 Du-

343 3059 515 3144 mim'cns
550 3049 743 3164 Georgn'us
772 3049 816 3128 in
846 3042 999 3131 Adonis
1028 3045 1372 3164 Martyrologium
1401 3046 1453 3133 ad
1481 3048 1589 3135 diem
1619 3051 1699 3134 XV
1728 3051 1803 3138 lral.
1823 3055 1957 3142 Martii
1978 3061 2024 3147 in

344 3195 494 3282 Codice
522 3191 818 3278 Canouirorum
846 3185 1179 3271 Foroiuliensium
1207 3195 1249 3278 in
1277 3186 1426 3278 finibus
1455 3191 1702 3278 Venetorum
1730 3223 1772 3278 se
1799 3196 1939 3314 legisse
1955 3222 2020 3286 te-

341 3362 476 3428 untur.

456 3481 642 3594 Denique
669 3509 719 3563 ex
747 3473 892 3560 eodem
921 3469 1080 3556 Codicis
1108 3471 1331 3589 fragmento
1359 3496 1512 3586 partem
1541 3473 1683 3560 damus
1709 3478 1914 3585 Actorum,
1933 3483 2026 3566 sive-

344 3621 560 3738 Itgeudae
587 3621 734 3706 Christi
772 3616 932 3732 gloriosi
961 3613 1202 3701 Consessoris
1230 3615 1267 3697 S
1296 3614 1429 3700 Sabini
1459 3615 1644 3700 Canusini
1673 3617 1872 3732 Episcopi.
1903 3619 2015 3728 Quae

345 3792 441 3848 vero
470 3765 512 3846 in
541 3781 675 3846 nostro
701 3760 911 3874 leguntur,
940 3762 1124 3871 quamvis
1153 3762 1361 3842 interum
1389 3759 1633 3840 enarratione
1670 3756 1891 3842 conformia
1918 3789 2018 3872 pene

343 3909 422 3990 sint
449 3932 545 3989 cum
576 3905 634 4006 iis,
653 3929 755 4014 quae
784 3897 822 3980 S.
850 3895 1070 4011 Gregorius
1097 3896 1268 4013 Magnus
1287 3895 1375 3980 Liu
1404 3894 1442 3977 3.
1471 3894 1626 4012 Dialog.
1655 3893 1754 4010 Caip'.
1772 3891 2018 4012 55'scr1ps1t,

344 4067 382 4130 et
410 4047 458 4130 iis
496 4045 616 4126 etiam
644 4069 747 4156 quae
774 4036 884 4150 apud
912 4039 1177 4148 Anonymum
1207 4037 1467 4148 Canusinum
1482 4035 1700 4154 leguntur,
1737 4041 1788 4122 iu·
1816 4039 2021 4156 aliquibus

343 4207 476 4270 tamen
504 4179 709 4265 difformes
737 4174 986 4292 deteguntur.
1014 4177 1113 4262 Acta
1142 4177 1322 4264 eiusdem
1349 4177 1479 4263 Sanui
1495 4182 1645 4295 integra
1663 4179 1714 4264 ab
1732 4180 1931 4272 antedicto
1944 4185 2018 4274 Ca-

343 4328 485 4412 nusino
514 4323 730 4434 Anonymo
755 4319 898 4430 scripta
926 4315 1056 4434 legere
1073 4327 1258 4430 ‘pronum
1286 4324 1361 4404 erit
1388 4321 1497 4434 apud
1526 4316 1810 4404 Bollandianos
1830 4320 1887 4407 ad
1907 4323 2017 4414 diem

344 4465 415 4553 lX
434 4464 468 4546 Γ
468 4464 529 4549 eb
559 4491 710 4549 necnon
747 4485 787 4548 et
814 4458 923 4573 apud
951 4459 1149 4544 illustriss
1179 4461 1380 4578 Angelum
1410 4457 1621 4546 Andr-eam
1656 4459 1873 4546 Tortor&
1860 4492 1902 4549 m
1940 4467 2020 4552 Re-

347 4605 492 4690 tutone
522 4605 728 4693 Ecclesiae
761 4597 1001 4737 Canusinae.
1015 4601 1164 4686 Romae
1181 4600 1562 4690 MDCCXLVIII
1580 4591 1944 4691 Huiusmersanur
1961 4603 2019 4692 os·

346 4713 514 4852 ficium,
543 4737 584 4832 et
609 4751 769 4838 missam
797 4711 1002 4860 propriam
1028 4745 1191 4830 iniurius
1212 4739 1412 4848 dabimus.
