4754 6604
1203 568 1393 696 (titt)

479 777 579 862 certe
607 754 825 872 posthunc
854 778 1000 834 annum
1029 747 1217 834 Codicem
1246 771 1430 834 nostrum
1478 751 1595 836 fuisse
1644 771 1877 856 exaratum,
1915 747 2134 836 dicendum

475 905 558 993 erit.
595 891 716 978 Haud
744 920 862 1003 porro
889 888 1216 1004 praetereundum
1243 890 1395 976 nullam
1423 898 1585 978 omnino
1622 899 1664 979 in
1692 894 1840 980 Missali
1884 898 1972 1008 ipso
2000 893 2132 982 Sancti

475 1041 594 1123 buius
621 1041 851 1138 memoriam
880 1035 968 1154 legi,
995 1034 1093 1130 adeo
1124 1055 1170 1126 ut
1198 1034 1386 1118 coniicere
1415 1033 1546 1122 licebit
1574 1041 1705 1124 statim
1721 1059 1823 1152 post
1851 1035 2032 1122 eiusdem
2061 1035 2136 1122 Ca*

474 1179 759 1262 nonizationem
786 1209 929 1263 nomen
958 1172 1198 1287 adscriptum
1228 1175 1268 1256 in
1297 1173 1520 1261 kalendario
1548 1179 1696 1285 fuisse,
1724 1183 1897 1264 maxime
1925 1175 2039 1293 quod
2048 1200 2137 1289 post

477 1313 730 1417 Pontificatus
758 1319 1043 1414 abdicationem
1063 1318 1229 1424 ‘Senum
1259 1321 1375 1402 variis
1404 1324 1445 1402 in
1473 1321 1640 1433 Apuliae
1668 1320 1764 1406 locis
1794 1341 1967 1406 versatus
1996 1321 2130 1424 sitite

386 1553 392 1565 ,
475 1488 590 1562 utet
617 1467 747 1577 pueris
774 1483 933 1567 notum,
962 1483 1001 1546 et
1026 1490 1150 1575 quam
1178 1457 1328 1546 celebre
1356 1461 1462 1545 illius
1491 1461 1608 1545 fuerit
1637 1484 1860 1565 nomen,ut
1886 1491 1935 1545 er
1964 1463 2048 1556 eius
2081 1455 2133 1544 Α,

467 1615 559 1706 ctis¹
574 1605 730 1692 abunde
758 1627 872 1720 patet,
900 1606 964 1690 Ex
979 1607 1040 1694 ,iis
1069 1623 1220 1707 autem,
1248 1631 1351 1715 quae
1378 1603 1582 1716 bucusque
1611 1599 1715 1688 dicta
1743 1625 1847 1708 sunt,
1863 1635 1937 1717 pro
1956 1634 2137 1716 competa

477 1775 521 1840 to
549 1749 682 1840 haberi
709 1750 861 1862 poterit,
888 1742 1086 1837 Missalem
1116 1765 1298 1830 nostrum
1326 1746 1425 1827 circa
1453 1739 1705 1828 medietatem
1734 1743 1878 1831 saeculi
1914 1743 2016 1830 XIV
2044 1750 2139 1832 scri=

478 1915 596 2008 ptum
623 1891 808 1999 fuisse,et
833 1913 998 1978 aetatem
1028 1893 1328 2006 qru'ngentoaum
1356 1915 1553 1968 annorum
1579 1881 1705 1970 ferme
1734 1917 1827 2000 prae
1855 1918 1897 1972 se
1924 1887 2037 1973 ferre

587 2046 704 2134 Nunc
731 2042 782 2128 ad
810 2070 932 2157 quam
960 2037 1212 2148 potissimum
1241 2032 1471 2146 pertinuerit
1500 2027 1717 2114 Ecclesiam
1744 2028 1857 2113 Ordo
1899 2033 1970 2115 iste
2007 2031 2143 2116 Missae

474 2195 554 2297 lis,
582 2180 881 2301 inquirendum,
905 2173 1027 2262 Haud
1064 2203 1158 2260 vero
1186 2159 1367 2258 dubitare
1396 2172 1508 2257 nobis
1538 2171 1693 2275 licebit,
1721 2168 1772 2254 ad
1810 2170 2139 2283 Melpbictensern

477 2335 709 2452 pertinuisse
736 2323 973 2426 Ecclesiam,
1001 2340 1041 2408 et
1066 2315 1119 2403 ad
1147 2314 1324 2402 eiusdem
1353 2345 1471 2400 usum
1501 2335 1714 2400 exaratum.
1742 2309 1792 2397 ld
1831 2313 1945 2425 plura
1974 2313 2145 2402 suadent

474 2477 709 2597 argumenta
736 2466 848 2568 luce,
874 2481 923 2546 ut
950 2462 1187 2577 opinamur,
1225 2457 1397 2542 clariora.
1427 2456 1483 2540 Et
1521 2460 1701 2570 primum
1745 2453 1911 2570 quidem
1949 2453 2001 2541 ad
2030 2454 2145 2566 diem

471 2617 551 2708 'JX
570 2613 664 2699 Feb.
693 2611 742 2701 In
778 2603 1102 2712 kalendari0,.5.
1145 2597 1326 2693 Conradi
1368 2601 1570 2714 praecipui
1608 2597 1815 2710 blelpbicti
1858 2598 2019 2684 Patroni
2063 2625 2141 2688 nott

473 2755 717 2870 adscriptum
746 2747 1046 2872 tantummodo,
1082 2744 1155 2832 sed
1191 2745 1317 2829 minio
1355 2743 1474 2824 etiam
1513 2737 1624 2821 illitis
1652 2737 1823 2841 litteris,
1861 2767 2007 2824 nomen
2050 2737 2143 2856 legi.

473 2922 550 2986 tur.
568 2897 664 2982 Nec
692 2919 847 2980 tantum
875 2899 916 2980 in
943 2884 1169 2975 kalendario
1197 2909 1354 2983 nornen,
1364 2877 1432 2962 sed
1443 2900 1482 2990 et
1492 2882 1533 2964 in
1548 2876 1696 2962 blissali
1716 2882 1802 2989 ipso
1820 2883 1980 2992 propria
2000 2879 2143 3000 legitur

471 3045 591 3131 Missa
619 3069 713 3129 cum
741 3039 911 3124 introitu
946 3031 1212 3122 Gaudeamus
1239 3050 1375 3105 omues
1404 3039 1544 3125 etc.,et
1572 3008 1778 3120 Orationes
1807 3003 2037 3136 tre's'aeque
2053 3051 2142 3134 pro:

468 3190 603 3310 priae,
632 3215 732 3303 quae
761 3185 966 3295 bucusque
994 3181 1036 3264 in
1063 3165 1338 3285 blelpbictensi
1368 3160 1542 3246 Ecclesia
1572 3161 1793 3263 recitantur,
1815 3159 1878 3242 De
1897 3153 2025 3246 bocS.
2040 3151 2145 3284 ⁴Cora,

472 3324 572 3420 rado
600 3328 945 3416 Commentarium
987 3313 1234 3405 Historicum
1282 3304 1479 3407 dabimus.
1517 3299 1702 3386 Alterum
1739 3317 2023 3416 argumentum
2071 3306 2146 3416 erit

473 3439 1194 3586 quodadVllffil,1'„ffiPostss
1234 3448 1399 3538 I‘l‘m'l‘l
1424 3459 1464 3556 ,⁶²
1495 3440 1633 3543 Paulli
1660 3446 1824 3558 rumina
1852 3443 2066 3552 adnotatur
2082 3480 2149 3544 ru:
2222 3564 2229 3574 Ι
2352 3372 2364 3436 i

474 3613 561 3697 bris
584 3609 741 3692 litteris:
772 3609 825 3692 Et
854 3603 1049 3710 dedicatio
1079 3598 1118 3684 S.
1149 3592 1291 3716 Maria
1321 3585 1372 3670 de
1402 3585 1665 3698 Mat'lyrilus
1694 3597 1736 3686 ’,ἔ
1770 3613 1873 3696 quae
1910 3587 2029 3696 verba
2067 3619 2147 3704 non

475 3758 614 3868 artique
643 3748 693 3836 ad
711 3713 1007 3866 Dedicationem
1028 3743 1066 3828 S.
1077 3743 1243 3857 Mariae
1259 3730 1319 3844 od
1335 3717 1564 3844 lldcrrtyrer,
1575 3753 1676 3856 quae
1694 3724 1843 3816 Romae
1859 3728 2090 3838 celebratur,
2109 3753 2149 3818 et

474 3897 519 4012 in
546 3889 660 3976 Mart
687 3887 802 3990 Rom,
830 3883 881 4000 ad
916 3883 1028 3998 diem
1054 3875 1175 3976 ΧΙΠΙ
1190 3871 1288 3990 Maii
1328 3865 1587 3982 adscribitur,
1615 3861 1820 3977 referenda
1848 3891 1970 3974 sunt,
1998 3871 2068 3957 sed
2096 3871 2148 3961 ad

476 4051 671 4150 yetustam
699 4049 739 4114 et
765 4026 865 4114 olim
892 4023 1188 4138 celeberrimam
1215 4013 1435 4119 Ecclesiam
1463 4039 1588 4123 prope
1617 4006 1883 4120 Melpbictum
1917 4007 2150 4124 adplicanda

474 4195 575 4280 sunt.
595 4175 666 4280 ¹De
693 4172 811 4282 huius
839 4166 1035 4277 Ecclesiae
1072 4164 1222 4282 origine
1256 4176 1295 4239 et
1332 4154 1492 4256 nomine
1534 4141 1994 4246 commentatiunculam
2030 4158 2150 4265 etiarn

473 4315 668 4412 dabimus.
2031 4293 2033 4298 ’

593 4457 688 4549 Non
715 4458 935 4548 diffitemur
964 4481 1059 4538 rero
1086 4444 1204 4533 valde
1233 4469 1304 4527 nos
1332 4443 1511 4554 primum
1540 4438 1765 4542 dubitasse,
1795 4469 1843 4524 an
1884 4438 2050 4526 Missalis
2080 4469 2150 4538 rto-⁴

398 4662 400 4666 ·
473 4623 552 4703 ster
580 4599 632 4690 ad
660 4581 814 4686 Fratres
842 4595 1037 4696 Minores,
1056 4592 1128 4706 qui
1146 4583 1211 4672 vel
1231 4583 1280 4668 ab
1309 4600 1433 4668 aetate
1461 4581 1497 4663 S.
1526 4579 1723 4666 Francisci
1752 4584 1793 4668 in
1823 4582 2025 4668 Suburbio
2048 4583 2149 4666 Mel-

475 4747 599 4860 phicti
636 4737 1041 4862 habitabant,-potius
1068 4729 1348 4844 pertinuisset,
1377 4749 1471 4808 cum
1497 4720 1626 4808 multa
1654 4703 1780 4826 essent
1822 4724 1863 4809 iu
1909 4719 1978 4824 illo
2007 4723 2156 4845 Rubri.

475 4871 618 5004 ‘parum
654 4886 809 5000 capita,
838 4867 939 4996 quae
967 4872 1012 4960 id
1041 4869 1204 4957 suadere
1231 4864 1476 4950 videbantur.
1503 4861 1562 4947 ‘Et
1591 4867 1723 4978 primo
1761 4866 1928 4982 quidem
1957 4868 1993 4954 S.
2033 4867 2155 4980 Fran«,

475 5017 565 5128 pisci
592 5022 644 5136 ad
672 5025 783 5136 diem
812 5021 889 5137 JV
909 5015 1094 5122 Octobris
1120 5011 1262 5118 litteris
1291 5006 1418 5127 mittio
1442 4999 1597 5118 'infectis
1631 5033 1778 5119 nomen
1805 5011 1970 5134 legitur,
1998 5034 2037 5102 et
2058 4991 2150 5126 curta
