4870 6630
1012 618 1189 741 (υὸ)

270 803 350 886 suis
381 793 627 910 temporibus
656 793 758 882 clara
786 809 826 882 et
855 789 1000 877 futuris
1028 792 1189 907 prebuit
1216 789 1407 908 exempla.
1436 785 1557 879 Unde
1588 786 1748 879 feliciter
1786 795 1934 882 exttltat

252 939 343 1051 ij
364 939 547 1024 ecclesia.
577 957 610 1020 t.
639 931 846 1020 Laudibus
875 932 1053 1049 gloriosis
1082 992 1092 1018 .
1122 992 1131 1020 .
1161 994 1200 1020 ..
1228 997 1243 1022 .
1270 935 1387 1036 ,beate
1415 935 1556 1023 Sabine
1582 934 1704 1035 letare
1733 961 1827 1022 cum
1846 966 1929 1024 san·

261 1084 341 1166 ctis.
371 1074 492 1164 Unde
519 1101 591 1164 etc.
992 1093 995 1099 ’

896 1355 948 1444 ln
977 1357 1034 1445 ΙΙ.
1067 1354 1187 1444 Noct.
1216 1355 1317 1453 Ant.

375 1644 509 1732 Huius
537 1674 671 1731 amore
699 1637 798 1729 deus
827 1641 1039 1728 serverum
1067 1668 1155 1761 tege
1171 1664 1309 1730 reatus.
1324 1637 1383 1728 Ut
1398 1640 1471 1729 tibi
1501 1643 1573 1757 qui
1592 1637 1753 1755 ¹placuit
1769 1639 1932 1758 placitos

261 1765 427 1875 reddere
454 1787 578 1904 possit
604 1809 647 1873 :t
684 1783 787 1896 PsaL
816 1781 924 1868 Cum
952 1787 1176 1871 invocarem
1197 1812 1239 1874 ε
1266 1787 1361 1872 Ara.
1389 1777 1524 1869 Pande
1562 1783 1640 1868 tuis
1678 1761 1812 1870 celum
1830 1811 1935 1902 'que-

263 1921 400 2015 sumus
428 1936 551 2016 servis
579 1959 722 2045 magne
751 1921 951 2012 Sacerdos.
980 1958 1030 2010 ne
1059 1929 1132 2012 tibi
1161 1933 1391 2014 commissos
1420 1923 1580 2010 invadat
1610 1911 1771 2039 pestifer
1799 1931 1937 2044 anguis

263 2091 304 2154 :t
330 2073 433 2189 Paul.
450 2095 491 2157 Ε
509 2071 641 2155 Verba
671 2099 757 2154 mea
773 2102 815 2162 ε
841 2071 932 2154 Ant.
957 2100 999 2164 π
1027 2065 1162 2162 Sidera
1191 2095 1395 2152 scansurus
1423 2070 1615 2180 terrisque
1645 2067 1710 2152 hic
1736 2065 1840 2152 dona
1869 2063 1936 2150 da·

263 2241 385 2302 turus.
414 2241 514 2329 quos
542 2209 641 2296 deus
670 2213 790 2328 elegit
818 2209 891 2294 tibi
920 2229 1051 2322 pastor
1079 2213 1213 2295 savine
1241 2207 1405 2328 subegit.
1429 2227 1470 2290 τι
1498 2207 1601 2295 Psat
1631 2186 1848 2293 eidemin.
1875 2237 1933 2290 nr.

254 2371 298 2441 tt.
328 2357 444 2472 elegit
472 2381 567 2438 eum
595 2349 695 2438 deus
723 2381 800 2438 sac.
828 2375 863 2435 r.
892 2349 944 2437 ad
972 2327 1286 2440 sacrificandum.

986 2605 1096 2692 Leet.
1126 2606 1222 2695 1111.

376 2887 590 2976 Audiendo
619 2883 786 3005 quidem
816 2890 943 2975 veluti
971 2919 993 2972 tt
1022 2917 1183 2976 summo
1211 2887 1360 2978 artifice
1387 2889 1483 3006 lapis
1513 2887 1687 2977 emolliri
1712 2890 1817 2974 solet
1836 2885 1936 2972 mol

263 3029 381 3117 liebat
408 3036 471 3117 hic
501 3032 724 3116 multorum
764 3028 882 3116 corda
921 3029 1107 3115 italorum
1150 3062 1199 3115 ex
1235 3033 1445 3148 gentilium
1483 3032 1662 3116 tenebris
1691 3025 1759 3114 Ad
1792 3055 1936 3112 verum

265 3173 402 3257 lumen
431 3167 528 3257 fidei
557 3170 754 3285 perduxit.
782 3170 868 3256 Nec
904 3172 1012 3255 euim
1055 3169 1253 3286 quosdam
1280 3171 1432 3286 Xp.⁰⁰¹²⁸
1458 3203 1562 3289 quos
1602 3171 1734 3256 adhuc
1770 3167 1935 3290 gentiles

259 3310 490 3396 laborabant
529 3341 660 3394 errore
688 3308 740 3395 ad
770 3311 1065 3396 ecclesiasticam
1096 3341 1279 3398 normam
1312 3319 1525 3399 revocavit.

380 3449 439 3532 Et
466 3449 659 3562 ut‘super
689 3449 971 3536 candelabrum
1000 3449 1160 3537 lucerna
1189 3456 1329 3564 posita·
1361 3457 1468 3536 iuxta
1499 3454 1766 3570 evangelicam
1786 3481 1937 3536 vocem.

266 3619 402 3700 omnes
432 3593 575 3704 quiin
604 3585 727 3674 domo
755 3612 858 3674 stant
886 3591 952 3678 dei
990 3590 1245 3679 illuminavit.
1278 3591 1328 3676 ad
1372 3588 1643 3706 pontificalem
1681 3613 1739 3676 est
1765 3590 1937 3707 gloriam
2037 3635 2040 3640 ·

262 3730 506 3815 sublimatus
536 3732 585 3816 In
614 3751 809 3846 quantum
840 3757 881 3812 se
910 3730 951 3809 in
980 3757 1140 3817 summo
1168 3730 1342 3819 culmine
1370 3762 1452 3816 esse
1481 3732 1753 3844 conspiciebat.
1779 3751 1936 3812 tantum

211 3941 216 3946 .
266 3903 306 3956 se
334 3853 570 3956 humilitatis
613 3868 887 3987 gubernaculis
925 3867 1161 3957 continebat.
1194 3875 1442 3956 reminiscens
1486 3869 1591 3952 illud
1635 3866 1747 3984 quod
1783 3865 1938 3952 dicitur.

265 4031 417 4124 quanto
445 4039 612 4128 magnus
640 4037 681 4092 es
709 4005 918 4124 humiliare
947 4012 991 4093 in
1018 4009 1215 4094 omnibus.
1244 4002 1352 4132 unde
1380 4031 1420 4092 et
1448 4003 1498 4090 ab
1518 4003 1704 4092 omnibus
1724 4003 1939 4090 amabatur.

264 4233 694 4264 *ιι-Μ

985 4341 1084 4420 Lect.
1114 4341 1219 4416 1111.

361 4471 475 4544 Roma
500 4497 519 4544 a
548 4469 697 4569 gentibus
720 4497 786 4546 non
814 4467 1036 4568 dissipabitur.
1065 4469 1124 4544 sod
1149 4471 1217 4542 suis
1238 4469 1449 4546 vetustatibus
1474 4484 1507 4544 et
1520 4483 1701 4546 terremotu
1716 4471 1843 4567 fatigata
1856 4491 1944 4540 mar-

267 4611 372 4668 cescct
397 4597 431 4668 in
457 4596 640 4694 sernetipse.
672 4597 772 4688 Quod
799 4624 840 4670 cx
866 4621 985 4694 magna
1009 4609 1105 4694 parte
1129 4596 1254 4674 sactum
1281 4599 1543 4676 mercurinus·
1562 4600 1644 4672 sicut
1669 4595 1752 4671 mibi
1767 4665 1770 4672 ,
1788 4599 1811 4668 ii
1836 4593 1944 4696 quiin

263 4721 346 4803 illius
372 4723 710 4826 itiner·n,st·tquentius
734 4721 907 4800 ambulant
933 4723 1127 4800 retulerunt.
1170 4777 1174 4792 .
1266 4791 1268 4802 .
