4914 6610
1020 602 1193 724 (209)

237 803 452 898 tamquam
483 771 1067 900 mucronibus,Ecclesiasticae
1094 773 1286 857 libertatis
1309 775 1631 894 auctoritatisque
1651 782 1837 900 iugulum
1856 819 1922 903 pe·

245 947 428 1031 teretur3
457 952 632 1035 cumque
661 920 798 1023 abiis,
827 924 899 1034 qui
928 923 1040 1035 quasi
1070 941 1219 1004 tutores
1247 912 1385 1002 fideles
1413 949 1458 1004 ac
1486 919 1582 1005 boni
1610 953 1692 1008 esse
1725 924 1926 1040 deberent,

251 1075 457 1177 tamquam
485 1092 507 1144 a
536 1057 691 1146 nefariis
726 1057 994 1172 praedonibus
1024 1064 1107 1148 eius
1154 1057 1394 1172 diriperetur
1436 1063 1721 1173 patrimonium
1760 1066 1928 1186 dignita·

249 1208 329 1313 tis3
358 1238 407 1290 er
436 1203 624 1290 omnibus
653 1201 783 1320 elegit,
812 1219 934 1317 quem
964 1229 1098 1290 contra
1128 1199 1446 1286 adversariorum
1476 1225 1638 1312 conatus
1685 1233 1927 1322 exponeret,

252 1377 457 1460 quemque
486 1321 721 1434 inarmatus
766 1344 934 1429 illorum
973 1349 1073 1431 acies
1102 1345 1343 1446 immitteret,
1373 1365 1413 1427 et
1432 1346 1509 1454 qui
1538 1345 1690 1431 fortiter
1718 1379 1851 1435 ooram
1879 1373 1935 1437 te·

248 1487 535 1598 laexciperet,
563 1485 802 1599 repelleret,
846 1483 1083 1574 retunderet.
1112 1483 1255 1597 Neque
1285 1505 1434 1569 tantam
1455 1483 1508 1571 de
1537 1517 1577 1570 se
1596 1478 1805 1574 Pontificis
1819 1519 1932 1604 spem
2014 1543 2019 1552 ·

250 1654 292 1716 ct
320 1631 550 1740 opinionem
579 1624 729 1712 fefellit.
758 1627 923 1712 Etenim
952 1624 1112 1714 duobus
1140 1625 1253 1712 libris
1286 1659 1432 1746 magno
1460 1626 1608 1734 studio,
1628 1661 1855 1748 magnoque
1874 1631 1927 1718 la·

252 1773 348 1859 bore
378 1768 594 1871 mnfectis,
620 1787 830 1882 tamquam
859 1773 978 1854 armis
1007 1773 1254 1875 instructus,
1282 1770 1478 1888 singulare
1506 1801 1600 1856 cum
1629 1773 1701 1857 illo
1730 1797 1929 1866 certamen

249 1918 396 2022 inivit,
423 1916 497 2024 qui
522 1943 672 2002 eorum
692 1929 713 2022 ,'
732 1910 803 2022 qui
832 1907 1083 1998 Pontificiam
1114 1915 1387 1998 auctoritatem
1414 1914 1728 2032 oppugnabant,
1757 1920 1928 2004 insaniae

249 2089 333 2147 ,nou
357 2090 402 2143 se
430 2061 619 2142 comitem
649 2051 915 2158 adiunxerat,
943 2047 1014 2136 sed
1042 2050 1188 2137 ducem
1218 2053 1461 2164 praebuerat,
1480 2059 1632 2171 quique
1661 2040 1928 2176 eorum,‘qui

253 2231 399 2321 magno
428 2197 603 2285 invidiae
632 2191 815 2282 incendio
841 2198 998 2280 excitati
1027 2213 1167 2278 cuncta
1196 2190 1329 2278 delere
1346 2194 1570 2306 cupiebant,
1591 2215 1797 2312 tamquam
1820 2198 1927 2318 'faces

254 2342 500 2458 praetulerat
530 2337 609 2424 Sed
638 2337 760 2452 paulo
789 2358 879 2422 ante
905 2333 1104 2451 singulare
1133 2359 1224 2417 suae
1253 2329 1453 2418 doctrinae
1491 2337 1690 2448 specimen
1718 2334 1928 2451 ediderat,

251 2509 341 2568 turn
371 2485 596 2583 nimirum,
631 2511 728 2566 cum
757 2481 886 2597 gravis
915 2473 966 2565 de
995 2475 1154 2560 divinae
1183 2473 1345 2584 Gratiae
1372 2475 1527 2562 auxiliis
1556 2477 1840 2568 Dominicauos
1868 2490 1928 2572 in·

247 2647 339 2726 ter,
369 2642 408 2704 et
446 2621 645 2704 Societatis
675 2619 766 2706 Iesu
803 2621 938 2704 Patres
964 2637 1051 2702 orta
1079 2611 1128 2700 lis
1165 2639 1272 2702 esset.
1301 2617 1409 2704 Nam
1436 2646 1532 2702 cum
1575 2617 1793 2708 Clementis
1823 2625 1926 2711 Vlll
1960 2648 1962 2654 ’

249 2764 433 2851 uoluntas
462 2787 658 2873 propenso
686 2761 1048 2845 Dominicanorum
1076 2759 1306 2848 seutentiam
1334 2763 1468 2842 animo
1496 2755 1589 2844 ferri
1610 2758 1826 2872 videretur,
1843 2795 1926 2850 ma·

251 2911 311 3023 gis
341 2935 463 3020 quam
494 2904 707 3016 quisquam
736 2900 837 2984 alius
866 2905 950 2984 eius
978 2898 1221 3008 properantis
1241 2923 1403 2980 cursum
1432 2897 1609 3001 retinuit,
1620 2895 1840 3014 multisque
1869 2933 1927 2989 ra·

250 3037 427 3134 tionibus
457 3041 660 3147 inhibuit,
688 3071 738 3125 ne
766 3067 840 3153 pro
869 3033 1142 3122 Dominicanis
1170 3034 1400 3120 sententiam
1429 3030 1585 3119 diceret.
1615 3036 1769 3124 Verum
1792 3062 1848 3126 tot
1865 3043 1925 3130 in-

253 3209 314 3272 ter
342 3184 614 3272 doctrinarum
644 3179 890 3284 radios,'non
913 3181 1046 3266 minus
1065 3173 1272 3287 probitatis
1291 3173 1471 3268 eiusdem
1487 3172 1629 3266 lumen
1646 3183 1796 3268 enituit
1816 3181 1924 3272 Nam

249 3327 303 3415 de
333 3325 537 3440 disciplina
566 3322 754 3440 Regulari
782 3320 933 3405 librum
961 3305 1172 3431 Hispanice
1200 3322 1468 3432 compositum
1494 3325 1537 3405 in
1566 3318 1752 3406 Italicum
1776 3353 1924 3410 sermo-

251 3499 348 3566 nem
378 3463 573 3572 transtulit
601 3493 780 3548 summae
808 3462 931 3544 animi
961 3455 1207 3542 demissionis
1235 3459 1446 3574 exemplo,
1476 3457 1589 3576 quod
1627 3489 1720 3548 cum
1751 3467 1793 3550 in
1821 3470 1898 3552 acri
1909 3531 1921 3573 ,

247 3631 368 3728 atque
397 3625 540 3692 attenta
567 3633 700 3702 rerum
721 3602 986 3692 maximarum
1007 3596 1265 3686 meditatione
1284 3597 1440 3690 defixus
1458 3602 1716 3711 lraereret,ad
1735 3605 1835 3694 hanc
1850 3608 1924 3696 hu-

248 3731 457 3842 militatem
489 3741 770 3849 descenderet,
798 3771 880 3861 qua
908 3743 956 3825 iis
984 3743 1070 3828 rem
1098 3759 1250 3856 gratam
1290 3740 1461 3849 faceret,
1498 3748 1571 3860 qui
1609 3747 1784 3836 arctioris
1822 3749 1925 3832 vitae

249 3885 387 3978 studio
415 3887 634 4003 flagrarent
663 3885 718 3970 Ar
746 3903 852 3968 tanta
882 3886 942 3967 vis
971 3883 1131 3966 virtutis
1160 3883 1286 3966 maior
1316 3905 1424 3990 erat,
1453 3917 1578 4002 quam
1618 3910 1665 3972 ut
1692 3893 1814 3976 unius
1852 3885 1927 3972 Re·

22 4053 81 4096 a·
112 4125 116 4138 ‚
248 4028 408 4148 ligiosae
436 4028 626 4114 Familiae
654 4026 821 4116 claustra
849 4044 1037 4118 tenerent.
1052 4019 1246 4130 Quocirca
1273 4021 1439 4108 Paullus
1459 4025 1512 4113 V
1530 4027 1709 4118 latiorem
1739 4028 1800 4114 illi
1819 4058 1922 4114 cam-

245 4199 374 4286 pum,
402 4170 445 4251 in
473 4197 556 4283 quo
584 4196 789 4256 excurrere
818 4185 973 4281 posset,
1002 4163 1188 4276 aperuit3
1230 4161 1307 4254 hoc
1334 4188 1391 4250 est
1420 4165 1696 4283 Molplretanae
1724 4169 1922 4258 Ecclesiae

246 4309 515 4432 gubernacula
545 4308 739 4414 tradidit,
768 4337 869 4423 quae
898 4303 1015 4390 Card
1044 4303 1253 4416 Capponi,
1280 4337 1303 4390 a
1331 4312 1442 4394 cuius
1471 4328 1573 4394 nutu
1611 4309 1835 4424 pendebat,
1862 4343 1922 4402 ao

255 4459 380 4568 cepit3
408 4475 528 4567 atque
557 4453 600 4533 in
628 4445 783 4532 assidua
811 4445 964 4540 Ovium
991 4471 1154 4530 suarum
1188 4450 1343 4570 vigilia,
1371 4473 1579 4568 tamquam
1607 4453 1744 4541 Pastor
1787 4455 1917 4542 bonus

246 4595 446 4678 occubuit.
476 4589 529 4708 (*)
683 4591 688 4601 ’

354 4962 404 5065 (*)
431 4963 522 5038 Iani
545 4962 648 5038 Νἰοίἰ
669 4958 874 5064 Erythraei
894 4982 931 5030 =a
946 4957 1167 5038 Pinacotheca
1191 4961 1375 5070 imaginum
1398 4959 1577 5036 illustrium
1601 4959 1750 5036 virorum
1770 4969 1835 5032 etc.
1855 4955 1915 5032 Li·

252 5098 343 5204 psias
366 5089 613 5166 MDCXCII
633 5087 704 5170 rol.
733 5089 770 5166 1.
798 5113 872 5189 pag.
906 5081 988 5167 113,

1405 5215 1455 5293 27
