4884 6692
333 2638 379 2760 s.

1126 608 1280 723 (ιι)

390 841 502 1057 qil-In
531 920 715 1008 laudibus
743 907 975 1003 anachore·
998 912 1061 1030 (ι)
1089 918 1170 1002 sint
1192 919 1333 1030 parati
1359 932 1397 1002 et
1423 915 1556 1004 induti
1582 927 1722 1034 cappis
1745 925 1874 1034 palcis
1903 924 1967 1039 (2)

386 1092 394 1196 q
894 1055 1056 1142 excelsa
1084 1087 1186 1142 voce
1214 1057 1382 1168 incipiat
1410 1087 1511 1140 uuus

388 1303 413 1465 [Ι
483 1349 530 1432 Λ.
558 1345 684 1431 Iudea
712 1365 752 1428 et
779 1340 987 1428 ierusalem
1015 1338 1137 1426 nolite
1168 1342 1308 1425 timere

484 1489 547 1571 Ps.
576 1486 775 1572 Dominus
803 1488 980 1599 regnavit
1010 1479 1195 1566 decorem

416 1729 419 1745 ¹
485 1629 532 1714 Α.
561 1627 699 1714 Hodie
728 1629 853 1710 scietis
882 1627 977 1738 quia
1005 1624 1137 1706 veniet
1165 1615 1352 1704 dominus

385 1769 413 1884 s
485 1773 532 1854 Α
565 1765 741 1864 Crastina
769 1762 836 1849 die
865 1761 1065 1847 delebitur
1093 1745 1278 1872 iniquitas

380 1887 400 2013 i,
485 1915 531 1996 A.
555 1907 738 2008 Crastina
765 1909 840 1989 erit
869 1903 982 1988 vobis
1009 1900 1114 1984 salus
1144 1893 1252 1981 dicit.

412 2105 419 2164 ι
484 2055 532 2138 Α.
560 2049 710 2134 levate
738 2051 861 2160 capita
891 2065 1017 2128 vestra
1046 2073 1134 2128 ecoe
1162 2068 1331 2157 approp.

392 2167 414 2281 l
486 2184 637 2301 Cap.¹“’'¹
668 2189 834 2299 Propter
861 2187 979 2296 Syon.
1008 2185 1080 2270 uel
1103 2184 1252 2268 Paulus
1279 2213 1380 2269 serv.

378 2311 391 2410 .”
486 2327 581 2412 Yrrr
615 2325 704 2410 Vox
734 2326 836 2411 clara
865 2355 953 2412 eone
980 2330 1134 2409 intonat
1159 2321 1326 2423 obscura

480 2490 514 2568 t.
542 2464 721 2552 Crastina
749 2467 817 2554 die
845 2465 1044 2552 delebitur
1072 2471 1259 2582 iniqnitas

872 2609 923 2695 In
952 2605 1177 2722 Evangelio
1205 2603 1268 2722 (3)
1298 2605 1536 2722 Arurplznua.

384 2953 386 2958 '
468 2950 526 3050 (r)
568 2949 817 3027 Arabiclrorus
857 2950 983 3049 Gangio
1006 2965 1054 3025 est
1089 2951 1348 3048 praecentor,
1379 2955 1444 3054 qui
1469 2952 1590 3030 Clroro
1621 2971 1767 3056 praeest
1792 2953 1880 3032 dum
1920 2986 2032 3038 sacra

368 3079 537 3180 Liturgia
559 3088 762 3182 peragitur.
791 3081 889 3172 Quae
910 3081 1016 3155 adfert
1038 3081 1186 3180 exempla
1210 3077 1252 3150 de
1277 3078 1486 3154 Arcbicboro
1508 3078 1661 3180 singulari
1684 3085 1817 3156 nomine
1841 3084 2040 3160 tomaene

366 3231 406 3278 eo
429 3211 491 3308 qui
514 3205 629 3282 Choro
652 3220 776 3307 pmest
797 3205 1007 3308 intelligenda
1031 3225 1140 3285 erunt.
1169 3212 1252 3304 Qui,
1265 3209 1406 3286 veroin
1430 3208 1732 3308 lliuusolymitana
1749 3209 1899 3282 Ecclesia
1921 3227 2033 3306 erant,

301 3347 308 3366 ⁸
366 3333 488 3432 plurali
513 3363 656 3410 numero
680 3335 881 3432 efferuntur,
907 3341 951 3411 ila
974 3352 1012 3412 ut
1037 3365 1104 3412 uon
1127 3336 1265 3434 fredeis
1286 3339 1349 3437 qui
1363 3335 1493 3418 ¹Chore
1515 3338 1637 3433 praesit
1664 3333 1890 3434 intelligendus
1907 3341 2031 3415 veniat.

369 3457 419 3530 Ut
443 3460 596 3558 videtur,
623 3461 821 3538 Archicbori
845 3489 883 3536 ea
902 3465 937 3536 in
962 3463 1109 3538 Ecclesia
1133 3477 1244 3560 erant,
1272 3465 1328 3564 qui
1351 3460 1571 3561 praecinendo
1602 3461 1749 3558 primum
1773 3462 1928 3562 cuiusque
1951 3464 2037 3562 psal-

256 3587 265 3606 ’
367 3590 414 3658 mi
439 3587 661 3686 versiculum,
687 3590 836 3692 illiusque
866 3593 1016 3667 cantandi
1044 3592 1215 3687 modum,
1241 3619 1300 3668 seu
1324 3609 1472 3690 wmrm,
1496 3605 1534 3667 ut
1559 3593 1670 3682 aiunt,
1700 3590 1928 3690 imponebant.
1963 3593 2032 3690 Ipsi

366 3715 467 3784 etiam
500 3718 534 3788 in
560 3719 726 3819 aliquibus
749 3717 1010 3795 sollemnioribus
1036 3722 1121 3796 faris
1148 3716 1318 3792 Psalmurn
1351 3720 1582 3794 Invitatorium
1615 3717 1853 3794 decantabant.
1883 3719 1974 3810 Quid
1990 3722 2034 3792 si·

368 3835 475 3937 mile,
502 3844 597 3942 quod
624 3845 666 3918 arl
694 3860 875 3949 utrumque
888 3839 903 3942 ,’
926 3847 1089 3950 aliquibus
1111 3847 1146 3918 in
1171 3841 1326 3918 Ecclesiis
1346 3903 1357 3936 ,
1381 3858 1414 3918 et
1437 3843 1558 3941 hodie,
1587 3844 1753 3920 observari
1781 3842 1876 3918 solet.
2010 3875 2019 3888 .

468 3971 527 4072 (2)
552 3975 695 4050 Paleis.
722 3975 937 4049 Doctissimus
962 3975 1104 4076 Caunus
1127 3975 1161 4050 in
1185 3971 1274 4047 illam
1300 3973 1440 4074 pondere
1455 3975 1649 4048 sententiam
1667 3971 1799 4048 ridetur
1825 3986 1863 4046 ut
1892 3973 2034 4080 Baleae

374 4097 528 4201 Cuppae
552 4101 685 4177 eaedem
709 4107 773 4178 sint
797 4132 834 4178 ac
858 4105 1029 4195 Scrt'cae3
1055 4101 1145 4175 baud
1171 4127 1252 4178 vero
1276 4105 1311 4177 id
1335 4104 1497 4201 probant,
1523 4127 1606 4202 quos
1620 4099 1756 4175 adducit
1772 4101 1955 4198 scriptores.
1984 4105 2032 4176 Et

367 4237 477 4308 nostro
501 4227 653 4326 equidem
696 4210 820 4304 Codice
844 4245 933 4330 patet
957 4229 1099 4310 diversas
1123 4257 1143 4302 a
1168 4230 1307 4305 Sericis
1333 4223 1484 4309 Palleat
1506 4220 1632 4312 luisse,
1659 4232 1691 4290 et
1714 4216 1785 4290 illas
1809 4217 1904 4318 lange
1927 4247 2031 4321 quam

363 4353 452 4450 hae,
479 4360 695 4453 pretiosiores.
724 4357 795 4434 Nos
818 4383 943 4435 veroa
973 4383 1082 4456 paruo
1119 4357 1266 4459 quodam
1303 4379 1345 4428 ex
1378 4348 1570 4422 animalium
1610 4345 1673 4420 filis
1696 4360 1848 4422 contexto
1881 4361 2033 4424 consutas

369 4481 499 4580 Cappas
523 4483 619 4560 firisse
643 4511 823 4572 censemus.
852 4482 1013 4560 Gallicani
1036 4485 1135 4558 etiam
1159 4482 1317 4558 sernunis
1341 4477 1511 4574 scriptores
1528 4475 1680 4574 antiqui,
1705 4501 1786 4575 quos
1811 4477 1955 4574 Cangius
1971 4473 2030 4546 ad·

371 4608 460 4694 ducit
488 4612 640 4691 Palleat
682 4639 737 4687 seu
763 4609 898 4688 Patras
923 4612 965 4686 ab
990 4613 1156 4706 Oriente,
1183 4625 1216 4684 et
1241 4606 1436 4682 Alexandria
1459 4604 1556 4678 fuisse
1582 4601 1769 4678 adfirment.
1799 4603 1866 4680 Sed
1891 4602 2028 4676 ulterius

370 4769 441 4820 rem
467 4745 662 4841 investigare
685 4770 751 4818 non
775 4758 882 4817 vacat.

407 4939 410 4948 .
468 4873 525 4972 (3)
549 4873 597 4948 In
625 4871 846 4974 Evangelio.
874 4869 1022 4970 Intellige
1046 4869 1219 4942 Canticum
1243 4865 1464 4940 Benedictus
1488 4879 1528 4938 ut
1553 4863 1617 4938 hoc
1642 4863 1747 4954 loco,
1783 4859 1837 4932 vel
1870 4854 2022 4952 Magni-

351 5003 454 5098 ficat
477 5015 517 5074 ut
540 5000 628 5076 alias.
655 5001 746 5078 Haec
771 5005 859 5077 enim
884 4999 1023 5074 Cantica
1046 5023 1087 5070 ex
1110 4995 1288 5096 Evangelio
1313 4992 1464 5098 desumta
1488 5006 1589 5081 suat,
1628 4991 1716 5066 unrle
1751 5013 1827 5062 cnm
1860 4985 1893 5053 in
1925 4979 2029 5054 clroro

371 5127 572 5204 sollemniter
605 5141 777 5206 cantantur
801 5129 899 5204 etiam
921 5123 1021 5198 hodic
1045 5121 1165 5200 Clerici
1188 5151 1269 5200 cum
1311 5115 1476 5199 firnnbbus
1509 5101 1608 5196 cereis
1642 5115 1780 5190 accensis
1813 5106 2026 5186 adhibentur.
