4914 6610
1006 605 1182 730 ιιι)

250 777 330 872 alia
357 783 505 897 poterit
533 803 666 865 caussa
698 772 894 891 designari
923 779 1218 894 antiquissimae
1248 765 1554 888 Aautpbtanos
1592 775 1722 880 inter,
1759 795 1799 862 et
1827 765 1935 865 Mel·
2070 901 2073 908 Ι

246 923 480 1040 pltt‘etenses
507 917 834 1030 societatis,quae
862 915 925 1000 vel
955 947 1003 1000 ex
1032 920 1203 1031 antiquis
1232 922 1373 1001 nostris
1402 925 1692 1025 monumentis,
1705 921 1757 1010 de
1784 923 1932 1039 quibus

258 1095 391 1180 supra,
409 1065 549 1179 liquet.
578 1057 864 1173 Anralphr'tani
889 1061 1090 1174 siquidem
1118 1059 1310 1173 plurimas
1339 1059 1546 1174 quondam
1575 1067 1825 1150 mercatorias
1853 1066 1934 1151 Sta-

256 1211 386 1292 tiones
414 1204 459 1289 iu
487 1203 660 1310 Oriente,
675 1200 1016 1316 Constantinopoli
1046 1206 1274 1314 praesertim
1303 1219 1343 1284 et
1371 1201 1656 1308 Alexandriae,
1693 1225 1809 1292 utet
1838 1206 1939 1292 Nea·

258 1341 367 1457 poli,
395 1342 576 1447 Tarenti,
605 1363 644 1428 et
672 1343 861 1428 Panormi
890 1345 1012 1427 etiam
1041 1345 1082 1425 iu
1110 1341 1260 1448 Sicilia,
1278 1363 1317 1428 et
1338 1321 1430 1432 ¹aliis
1459 1343 1644 1459 plurimis
1673 1351 1714 1432 iu
1744 1350 1840 1436 locis
1869 1351 1938 1438 ba·

258 1487 436 1600 bebant,
464 1507 511 1572 ut
539 1483 670 1603 legere
699 1506 756 1571 est
784 1482 894 1598 apud
925 1483 1251 1570 Brachmannum
1279 1481 1368 1599 (de
1395 1485 1490 1600 Rep.
1519 1485 1736 1605 Amalph.)
1763 1507 1803 1576 et
1831 1492 1940 1579 Lau-

255 1632 428 1748 remitam
459 1629 727 1714 lastinianum
755 1647 937 1712 nostrum
968 1624 1088 1738 (Dia
1112 1621 1296 1740 Geograf.
1310 1625 1348 1740 ),
1365 1647 1487 1743 quem
1515 1627 1609 1714 alias
1637 1630 1935 1721 emendandum

259 1799 341 1856 esse
369 1772 658 1874 existimamus,
686 1767 799 1884 quod
828 1799 903 1882 pro
931 1766 1152 1886 ΜεὶρΙιίοῑο
1181 1765 1413 1886 Melplu'um
1430 1801 1478 1858 ex
1492 1771 1706 1886 Anonymo
1734 1774 1939 1863 Salernita-

259 1939 313 1995 no
341 1909 563 2013 induxerit,
593 1913 706 2024 quasi
732 1908 790 1994 ibi
806 1907 1085 2023 Amalplritam'
1101 1927 1334 1994 mercatores
1353 1885 1579 1998 habuissent
1606 1918 1823 2000 stationem.
1848 1913 1933 2006 Nec

258 2052 366 2136 euim
389 2023 488 2136 'satis
516 2049 682 2168 intelligi
719 2046 892 2155 datum,
922 2049 1225 2164 Aarolplu'tanos
1254 2049 1483 2165 Melplrr'tun
1517 2049 1844 2140 mediterraneam
1872 2089 1939 2144 ur·

118 2289 121 2298 ,
261 2192 355 2280 bem
383 2194 435 2278 ad
465 2193 663 2276 maritima
692 2192 928 2276 oommercia
966 2187 1180 2276 exercenda
1218 2189 1293 2275 sibi
1330 2189 1548 2278 adscivisse.
1577 2186 1806 2309 Melpltium
1844 2227 1938 2288 vero

261 2337 510 2462 temporibus
538 2333 617 2418 illis
645 2329 814 2415 Hebraei
841 2329 1069 2416 babitabant
1096 2323 1325 2417 oommerc'ii
1353 2351 1458 2418 certe
1484 2335 1690 2438 exercendi
1709 2367 1860 2448 caussa,
1890 2367 1936 2430 ut

260 2469 426 2559 inferius
464 2474 729 2588 opportunior
765 2477 841 2560 erit
877 2471 1037 2558 dicendi
1074 2469 1195 2558 locus
1224 2471 1372 2560 Contra
1409 2503 1506 2558 vero
1534 2463 1803 2591 Melphictum
1839 2483 1939 2569 olim

261 2601 383 2696 maris
410 2614 648 2697 oommeroio
676 2612 875 2720 floruisse,
903 2633 944 2699 et
972 2599 1325 2728 Melpht'ttetasittm
1353 2645 1424 2731 per
1452 2603 1657 2701 Orientem
1694 2605 1940 2758 plurimam,

260 2750 591 2868 frequentemque
626 2754 791 2876 navigiis
827 2755 997 2868 propriis
1033 2755 1354 2872 navigationem,
1393 2779 1497 2874 quae
1531 2777 1660 2842 nostra
1697 2787 1938 2874 supersunt,

262 2913 521 2980 monumenta
550 2912 766 3002 testantur,
794 2913 919 3011 eaqu‘e
946 2897 1118 2982 maxime
1145 2888 1289 2976 docent
1316 2911 1471 2976 nostros
1485 2886 1765 2992 Alexandriam
1790 2919 1938 3005 versus,

208 3093 212 3099 -
262 3061 363 3149 quae
390 3009 491 3117 olim
520 3027 749 3120 Indicarum
778 3037 974 3122 mercium
1001 3038 1224 3122 madmum
1252 3051 1336 3118 erat
1351 3034 1590 3147 emporium,
1605 3033 1814 3148 navigasse.
1829 3036 1935 3128 Hinc

261 3169 577 3290 frequentissima
604 3176 799 3302 antiquis
804 3178 847 3261 iu
874 3174 1029 3263 Chartis
1057 3177 1197 3264 nostris
1230 3179 1430 3264 Comitum
1465 3179 1548 3262 sive
1580 3173 1834 3284 Οιιιιῖοιιιιι,
1864 3186 1935 3296 qui

261 3311 515 3432 navigiorum
542 3314 689 3402 scilic'et
715 3337 887 3404 rectores
913 3337 1054 3424 erant,
1097 3319 1247 3403 mentio
1275 3315 1313 3414 (a
1319 3314 1346 3432 l
1377 3312 1488 3402 Illud
1525 3347 1687 3433 quoque
1728 3313 1937 3405 observan-

267 3449 371 3540 dum
408 3460 518 3541 venit
554 3458 596 3540 in
634 3452 868 3548 Berensium
905 3458 1083 3578 Navtgus
1116 3457 1153 3540 S
1190 3451 1395 3540 Pontificis
1431 3455 1584 3542 Nicolai
1627 3461 1788 3544 exuvias
1831 3489 1933 3546 anno

269 3567 591 3691 MLXXXVIJ.
628 3575 875 3721 portantibus
903 3597 1223 3720 quamplurimos
1250 3596 1330 3715 legi
1357 3595 1572 3683 Traneuses
1590 3599 1868 3707 homiues,1ta
1889 3625 1934 3686 ut

363 4086 422 4188 (1)
451 4083 544 4164 Illud
568 4091 700 4166 saeculo
725 4079 833 4168 XIII
864 4099 933 4164 erat
965 4085 1094 4166 nostro·
1115 4086 1151 4164 in
1174 4085 1291 4186 Regno
1333 4096 1522 4181 statutum,
1562 4099 1600 4160 ut
1624 4086 1813 4160 maritimae
1836 4081 1934 4162 Urbe

261 4211 462 4291 Provinciae
486 4215 662 4295 Peucetiae
691 4217 881 4318 pmesertlm
906 4211 1095 4292 Trinemem
1118 4239 1221 4290 unam
1246 4210 1345 4290 armis
1377 4237 1510 4314 quoque
1546 4212 1739 4288 instructam
1770 4209 1870 4312 Regis
1894 4216 1936 4287 ad

267 4338 446 4442 imperium
471 4343 505 4417 in
528 4335 660 4422 bellicis
683 4343 946 4445 expeditionibus
969 4313 1264 4420 amministrarent.
1293 4339 1381 4413 Hinc
1393 4342 1574 4441 ,exceptis
1598 4339 1719 4437 Bario,
1747 4339 1883 4438 Trano,
1903 4357 1935 4417 et

264 4463 474 4569 Metropoli,
502 4499 586 4572 aquae
611 4473 692 4548 duas
707 4469 895 4573 ,Vigilate
923 4469 1155 4576 Melphietum,
1182 4469 1417 4564 Iuveuaeium,
1445 4482 1479 4544 et
1504 4469 1712 4546 Politianum
1738 4499 1837 4548 uuam
1864 4485 1932 4546 tan·

263 4603 337 4668 tum
360 4613 508 4700 quaeque
532 4601 738 4702 suppeditare
769 4600 941 4678 tenebatur
967 4599 1089 4702 (Vide
1113 4599 1328 4699 Forgesium
1348 4595 1472 4672 Disser.
1493 4596 1574 4674 sulla
1598 4575 1736 4674 secanda
1761 4597 1883 4694 Moglie
1900 4599 1935 4670 di

264 4717 475 4829 Mutato).
497 4728 747 4832 Melphictemes
772 4755 854 4805 vero
870 4747 938 4805 non
954 4729 1142 4806 Triremem
1167 4737 1294 4800 tanturn
1310 4726 1484 4822 propriam
1501 4739 1661 4802 armatam
1672 4722 1820 4818 expensis
1835 4747 1931 4820 prae-

261 4840 421 4952 bebant,
448 4857 507 4930 sed
530 4871 563 4932 et
587 4881 685 4933 navos
709 4858 808 4932 enam
834 4857 999 4934 onerarias
1022 4855 1143 4956 Regiae
1167 4850 1270 4930 Clusi
1293 4847 1469 4950 locabant,
1495 4867 1531 4930 ut
1552 4853 1647 4955 plura
1672 4852 1788 4928 donent
1821 4863 1930 4926 nostra

268 4975 398 5058 illoram
421 4992 614 5083 temporum
638 4997 862 5066 monumenta.
