4870 6630
1264 575 1440 694 (134)

510 795 529 838 s
562 757 614 844 de
633 761 851 844 reversione
866 754 1072 869 cogitavit,
1092 767 1132 842 et
1159 751 1354 864 ingressus
1381 741 1721 876 Navim„Barium
1747 743 1962 833 Civitatem
1990 747 2029 832 S.
2063 747 2183 840 Nico-

515 941 533 983 »
566 903 616 986 lai
645 899 854 1012 pervenit,
885 896 956 980 ubi
985 871 1101 982 beato
1130 887 1210 976 fine
1226 887 1349 975 'diem
1376 885 1568 974 ultimum
1596 885 1764 992 clausit,
1791 885 2090 1008 honorificeque
2118 925 2176 981 se-

521 1084 540 1126 »
559 1040 709 1152 qultus
737 1033 889 1122 ibidem
919 1037 1135 1149 requiescit.
1164 1032 1276 1118 Circa
1307 1031 1418 1118 idem
1446 1049 1604 1144 tempus
1646 1049 1756 1142 pater
1785 1059 1948 1147 quoque
1985 1039 2101 1142 eius,
2136 1057 2178 1122 at

511 1221 529 1262 a
562 1183 715 1268 mat'er:
745 1199 856 1295 pater
883 1178 926 1262 in
954 1171 1091 1258 Castro
1120 1171 1403 1291 Ravensburg,
1433 1179 1616 1262 materia
1634 1176 1850 1263 Altorfensi
1878 1173 1980 1266 XVI
2003 1175 2070 1264 die
2087 1203 2180 1292 post

400 1337 405 1356 ’
510 1361 528 1402 a
562 1344 733 1408 mortem
762 1318 894 1410 mariti
923 1313 1115 1416 abierunt,
1134 1329 1173 1392 et
1183 1312 1224 1391 iu
1245 1311 1486 1408 Monasterio
1514 1316 1644 1406 Sancti
1672 1317 1834 1408 Martini
1860 1315 2008 1433 sepulti
2035 1339 2167 1402 sunta

508 1561 782 1715 lldeuclogium
811 1605 906 1682 item
936 1597 1240 1685 Benetd‘ctinum
1268 1611 1304 1684 a?
1331 1596 1474 1709 Clarii.
1509 1597 1905 1734 Gabrielessucalina
1931 1605 2042 1721 typis
2058 1631 2171 1694 man·

557 1743 695 1836 danem
726 1744 971 1858 Antuerpiae
999 1769 1105 1828 anno
1141 1737 1246 1824 1655
1277 1763 1379 1856 quae
1408 1754 1643 1867 septumum,
1671 1739 1796 1836 debet,

1129 2021 1252 2110 XVII
1290 2019 1544 2114 MARTIL

620 2351 636 2388 s
669 2310 775 2392 Barii
805 2315 859 2403 in,
876 2307 1044 2422 Apulia,
1073 2306 1183 2392 Beati
1212 2306 1416 2411 Conradi,
1445 2305 1629 2391 Monachi
1657 2305 1975 2397 Claraetallensis
1991 2376 2003 2418 ,
2022 2317 2165 2400 virtute

503 2500 522 2540 »
557 2479 597 2542 et
625 2481 767 2572 genere
797 2449 1069 2533 illustrissimi.
1100 2444 1306 2534 Conradus
1331 2443 1497 2538 chrici
1525 2445 1691 2560 Magni,
1726 2451 1812 2542 sive
1839 2448 1986 2566 Nigri,
2023 2453 2169 2538 Princi-

509 2639 527 2682 s
560 2631 660 2714 pum
690 2592 929 2678 Germaniae
978 2591 1162 2695 omnium
1189 2587 1323 2709 ulonge
1352 2585 1618 2680 Potentissimi
1655 2585 1897 2682 Noricorum
1932 2593 2055 2678 Ducis
2103 2615 2171 2680 etc

502 2779 520 2820 s
555 2761 595 2825 et
623 2730 858 2848 Vulphildis
887 2730 1091 2816 Saxonum
1122 2724 1558 2838 ducissae,'parentum
1599 2725 1984 2854 religiosissimorum
2026 2729 2173 2836 filius,

502 2919 521 2960 »
554 2881 719 2964 Henrici
747 2873 910 2988 superbi
938 2871 1058 2959 frater
1088 2897 1309 2986 germanus,
1339 2866 1498 2957 Cuculli
1527 2899 1705 2962 amorem
1719 2888 1754 2954 'a
1776 2877 1951 2982 ,pueritia
1989 2873 2169 2978 imbibit,

500 3057 518 3102 s
552 3045 591 3109 et
619 3013 728 3134 prae‘
742 3021 852 3100 omni
881 3032 1122 3128 parentum,
1151 3014 1375 3115 maiorum,
1404 3032 1444 3096 et
1472 3011 1642 3098 fratrum
1663 3015 1811 3131 gloria,
1827 3017 2033 3109 servitium
2052 3013 2164 3100 Chri·

498 3201 516 3242 »
550 3169 600 3263 sti
626 3159 834 3246 adamavit
866 3131 990 3267 alpad
1017 3153 1352 3266 Weingarttenscs
1396 3158 1634 3246 sancussima
1659 3153 1875 3260 educatus,
1923 3177 2044 3270 atque
2080 3155 2165 3240 lite

501 3341 519 3383 a
552 3312 604 3390 ris
633 3301 756 3422 probe
786 3301 1010 3398 institutus,
1040 3291 1283 3383 Coloniensis
1311 3317 1443 3419 postea
1473 3295 1799 3408 Metropolitanae
1818 3295 2015 3380 Ecclesiae
2033 3292 2156 3378 lactus

498 3481 518 3527 n
551 3443 771 3526 Canonicus
786 3469 807 3543 ‚¹
827 3437 926 3522 nibil
955 3464 1079 3550 quam
1107 3434 1358 3522 Monachicac
1386 3437 1488 3520 vitae
1517 3438 1792 3537 securitatem,
1810 3455 1849 3518 et
1868 3432 1986 3519 dulce
2009 3463 2164 3518 consor.

496 3621 514 3660 »
547 3587 650 3666 tium
671 3581 904 3664 Sanctorum
924 3577 1120 3690 cogitavit.
1131 3577 1193 3662 Ne
1209 3597 1341 3660 umen
1360 3575 1425 3658 vel
1442 3607 1464 3658 a
1486 3571 1838 3688 parentibus,idem
1858 3571 2167 3684 postealnstitu-

496 3763 513 3802 u
552 3707 641 3808 turn
663 3727 718 3805 in·
732 3722 968 3805 blonasterio
983 3720 1291 3834 Weingarttensi
1320 3714 1513 3826 amplexis
1529 3778 1540 3818 ,
1558 3712 1832 3827 impediretur,
1842 3713 1916 3799 'vel
1950 3717 2164 3824 praesentia

497 3904 513 3942 »
547 3867 712 3950 illorum
740 3885 779 3946 et
807 3861 917 3954 aulae
945 3891 1157 3974 procerum
1171 3857 1362 3960 solatiis,
1400 3878 1439 3939 et
1468 3860 1612 3972 gratiae
1639 3854 1796 3940 divinae
1824 3855 2073 3944 obstaculum
2098 3891 2165 3972 po·
2202 3857 2206 3863 ’

496 4041 513 4082 a
548 4011 680 4108 narei,
710 4025 866 4086 externa
896 4004 1020 4115 magis
1049 4004 1091 4082 in
1121 4000 1353 4110 provincia,
1382 4028 1504 4110 quam
1534 4002 1678 4109 patria,
1707 3987 1831 4080 vitam
1858 3995 2044 4108 amplecti
2081 4001 2166 4086 Mos

494 4179 517 4226 n.
546 4145 745 4238 nacliicam
775 4144 937 4242 statuit,
966 4163 1126 4222 etcum
1156 4136 1309 4230 celebre
1339 4159 1435 4220 tunc
1463 4169 1645 4238 nomena
1677 4135 1883 4256 disciplina
1916 4122 2164 4226 claraevallis

494 4315 511 4358 a
544 4286 586 4365 in
616 4280 746 4363 Gallia
777 4301 905 4380 esset,
936 4277 1069 4361 eidem
1118 4309 1158 4362 se
1199 4275 1409 4379 subduxit,
1439 4299 1558 4392 atque
1586 4310 1660 4391 pro
1699 4299 1793 4366 voto
1832 4302 2066 4392 susceptus,
2109 4287 2166 4366 ins

497 4461 514 4500 >r
550 4427 649 4538 signi
680 4422 941 4506 lunnanarum
975 4449 1107 4535 rerum
1146 4427 1409 4530 contemptu,
1448 4443 1568 4534 atque
1606 4421 1728 4501 animi
1756 4415 2004 4526 ¹demissione
2041 4421 2166 4518 excel·

415 4561 423 4576 '
497 4601 514 4646 >r
543 4562 634 4674 luit.
665 4563 843 4654 Densum
874 4551 1204 4658 SanctiConratli
1235 4555 1425 4672 Episcopi
1455 4563 1606 4676 cognati
1637 4560 1696 4642 sui
1728 4561 1975 4663 imitatione,
2005 4581 2045 4652 et
2077 4591 2166 4646 suos

496 4743 514 4783 a
548 4735 639 4795 nim
670 4705 921 4812 superiorum
951 4703 1227 4802 concessione,
1265 4677 1316 4778 ad
1354 4695 1573 4784 veneranda
1603 4697 1750 4782 Christi
1797 4680 1965 4782 Domini
2003 4705 2163 4817 vestigia

430 4959 434 4968 Ι
497 4883 513 4924 a
548 4843 820 4926 ierosolimam
850 4839 1069 4952 proiectus,
1099 4837 1250 4923 ibidem
1279 4836 1440 4920 cuidam
1468 4867 1581 4919 servo
1622 4837 1698 4920 Dei
1729 4839 1769 4936 in
1799 4832 1950 4926 Eremo
1984 4861 2158 4964 manenti

488 5020 506 5064 a
538 4985 735 5088 adhaesit,
785 5004 996 5094 totumque
1026 4979 1254 5077 divinarum
1286 5007 1421 5073 rerum
1461 4973 1707 5074 meditationi
1737 5003 1777 5060 se
1814 4973 1938 5074 dedit,
1969 4977 2162 5076 Reversus
