4884 6692
1248 505 1326 592 CX

570 699 650 784 Die
678 687 834 780 XXIII.
863 681 1075 773 Octobtn
1104 505 1691 790 Τιιιίξιιιιιο1)(εςῑιιιι...Ιμή
1590 655 1691 758 Mal
1688 701 1775 755 oms
1810 669 1982 782 Cortf-
1942 740 1982 766 ..
2018 673 2130 758 Hanc

452 843 637 958 apposuit
654 856 791 924 notam
808 825 1032 914 eruditione
1051 849 1229 938 aequeae
1241 813 1459 904 modestia
1448 814 1893 930 insignisCanooicns...
1852 841 1896 870 ··*
1923 816 2004 898 Hic
2017 817 2131 906 Malo

461 983 571 1070 unde
598 983 649 1065 sit
676 990 842 1090 expecto
872 989 915 1054 ut
943 967 1047 1052 alius
1079 963 1287 1048 docem*
1245 1013 1287 1044 .-
1328 955 1413 1042 Nos
1450 959 1631 1072 primum
1660 955 1799 1040 docuit
1842 956 2130 1044 Kalendarimn

461 1121 810 1208 membranaceum
839 1111 994 1192 Parisiis
1023 1109 1124 1190 circa
1152 1099 1276 1188 finem
1306 1099 1407 1188 XV
1433 1099 1578 1182 saeculi
1626 1129 1846 1204 excusum,
1875 1105 1915 1184 in
1947 1130 2031 1213 quo
2059 1099 2132 1184 bac

454 1261 538 1370 ipsa
566 1248 705 1335 dies
742 1243 921 1334 Melonis
960 1267 1106 1324 nomen
1143 1235 1302 1352 legitur.
1334 1235 1462 1322 Nullo
1491 1233 1616 1320 modo
1653 1236 1817 1350 perinde
1867 1237 2131 1342 dubitemne,

455 1400 554 1512 quin
582 1391 817 1476 Tutinianus
853 1381 971 1472 Malo
997 1371 1339 1493 Rothomagensis
1345 1377 1569 1492 Episcopus
1598 1377 1637 1462 S.
1658 1377 1878 1478 Melaneus,
1892 1384 2004 1464 cuius
2029 1402 2142 1464 anta·

458 1536 614 1624 cedenti
628 1531 694 1616 die
712 1529 791 1614 RK
781 1559 823 1610 ιιι
839 1522 1126 1638 Martyrologio
1144 1525 1295 1605 mentio
1310 1539 1379 1625 est,
1388 1515 1677 1634 adnotavttque
1692 1517 1906 1608 Batonius
1896 1549 2030 1636 ipsum
2043 1525 2133 1606 Me
2256 1525 2264 1547 ⁸

459 1681 562 1765 loms
589 1675 749 1760 nomine
778 1701 799 1751 a
829 1667 1013 1781 pluribus
1042 1686 1229 1775 corrupte
1256 1661 1378 1749 scribi
1405 1659 1444 1773 (1
1431 1661 1479 1776 ι).
1507 1661 1647 1745 Sane
1635 1693 1678 1746 ιιι
1707 1683 1844 1744 nostro
1874 1659 2132 1778 Autograpbo

464 1849 548 1904 non
575 1814 788 1912 Molonis,
818 1805 888 1891 sed
919 1805 1098 1892 Molonis
1127 1803 1289 1920 legitur.
1322 1807 1442 1892 Nunc
1478 1805 1540 1918 ad,
1558 1805 1655 1911 alia,
1683 1833 1785 1928 quae
1813 1803 1973 1894 fortasse
2004 1811 2131 1910 mmo

463 1967 517 2050 ris
545 1957 741 2044 aestimari
770 1969 957 2060 poterunt
986 1951 1196 2052 momenti,
1225 1973 1479 2036 transeamus.
1676 1969 1680 1980 ·

572 2105 651 2188 Die
679 2097 761 2184 XV
789 2093 941 2208 Aprilis
968 2093 1232 2175 Tutinianum
1260 2089 1353 2174 Kal.
1385 2119 1532 2178 nomeu
1550 2091 1838 2182 babettantum
1859 2088 2134 2204 Olympiadis.

461 2245 654 2354 Quamvis
682 2266 798 2338 vero,
828 2255 874 2316 ut
902 2252 1108 2344 putemne,
1137 2259 1185 2312 ex
1214 2261 1348 2318 errore
1385 2236 1428 2317 in
1454 2256 1589 2322 nostro
1625 2231 1780 2348 legatur
1814 2231 2056 2344 Olimpiclis,
2095 2239 2131 2320 ei

464 2414 560 2472 vero
596 2391 742 2464 nomen
772 2376 963 2460 Maximi
988 2367 1248 2486 adiungitur,
1276 2376 1331 2458 ita
1360 2393 1405 2455 ut
1432 2379 1618 2487 suspicari
1647 2375 1760 2462 liceat
1803 2376 1988 2461 aTntini
2028 2408 2131 2460 ama*
2221 2395 2233 2406 “

461 2527 601 2616 nuensi
629 2552 676 2604 ex
705 2519 905 2602 oscitantia
934 2513 1133 2596 relictum.
1162 2514 1262 2600 Sane
1291 2515 1575 2632 Martyrologia
1604 2545 1704 2628 pene
1732 2520 1897 2620 omnio,
1926 2538 1966 2602 et
1992 2515 2134 2600 Roma·

463 2695 564 2756 num
594 2673 757 2776 ipsunt,
791 2652 1034 2771 Olympiadi
1062 2658 1306 2744 Maximum
1335 2656 1517 2763 addunt,
1547 2680 1586 2746 et
1613 2657 1708 2744 Ado
1736 2656 1903 2772 quidem
1935 2658 2050 2745 titulo
2069 2691 2135 2743 noa

460 2811 598 2896 billum
626 2800 746 2887 ambo
774 2797 1015 2900 honestavit,
1044 2823 1174 2914 quum
1204 2825 1298 2882 vero
1327 2803 1371 2888 in
1399 2797 1513 2884 Mart
1543 2798 1657 2886 Rom.
1689 2803 1731 2884 in
1755 2797 1919 2884 Perside
1948 2803 2050 2915 passi
2067 2799 2137 2890 illi

392 2937 397 2946 ’
465 2953 671 3051 dicantur,
699 2943 750 3027 ab
779 2936 919 3026 Adone
949 2966 1070 3041 vem,
1099 2958 1140 3021 et
1167 2938 1218 3023 ab
1247 2938 1331 3024 aliis
1358 2944 1404 3024 in
1439 2943 1616 3028 Ciuitate
1652 2941 1850 3028 Cordulae
1886 2946 2125 3052 martyrium

396 3113 397 3118 '
463 3098 597 3183 fecisse
627 3085 839 3190 scribatur,
868 3083 960 3166 binc
980 3082 1099 3166 inter
1127 3077 1305 3167 eruditos
1336 3080 1387 3166 de
1416 3082 1507 3166 loco
1534 3079 1723 3195 passionis
1753 3089 2027 3170 controversia.

578 3233 659 3317 Die
686 3227 747 3312 IV
776 3225 909 3316 Martii
937 3243 978 3306 Ξ
1013 3225 1108 3313 Iulii
1136 3225 1208 3344 Pp.
1238 3244 1275 3310 et
1305 3226 1368 3310 M
1403 3249 1445 3313 ,τι
1474 3257 1522 3310 ex
1550 3226 1763 3327 Tutiniano
1801 3225 2000 3332 babetur3
2044 3229 2141 3320 item

467 3401 507 3464 et
532 3372 617 3462 XII
645 3369 792 3481 Aprilis
822 3364 916 3460 luto
936 3395 1004 3480 pp.
1037 3365 1185 3480 Corffi,
1214 3369 1358 3457 melius
1388 3365 1601 3481 veriusque
1629 3373 1672 3456 in
1701 3387 1865 3469 nostro,
1893 3365 1964 3454 ubi
1993 3365 2047 3452 ad
2080 3365 2139 3449 IV

470 3519 605 3610 Martii
632 3513 776 3626 legitur
807 3511 925 3596 [meti
946 3541 1014 3624 pp.
1044 3528 1081 3592 et
1110 3541 1165 3592 ιιι
2267 3527 2270 3536 ¹

583 3655 791 3742 Ultimum
819 3681 915 3737 vero
943 3657 1047 3756 erit,
1076 3649 1190 3766 quod
1218 3651 1285 3740 die
1312 3651 1420 3742 XIII
1446 3649 1501 3736 ad
1529 3649 1570 3736 S
1599 3646 1778 3762 Agoelll,
1804 3673 1890 3732 non
1925 3643 2042 3758 Corff.
2078 3650 2143 3744 M

483 3827 530 3887 ut
559 3807 601 3886 in
628 3775 864 3898 Tutiniano,
892 3791 963 3879 sed
995 3793 1112 3906 Coos.
1141 3797 1349 3881 Mum
1339 3825 1380 3884 m
1408 3813 1542 3876 nostro
1567 3789 1725 3904 legitur

585 3929 725 4026 Cetera
753 3967 855 4048 quae
883 3939 984 4020 inter
1011 3947 1231 4060 utrumque
1260 3938 1465 4039 variantia,
1495 3965 1544 4020 ne
1573 3935 1690 4025 nimis
1709 3927 1897 4024 tectorem
1918 3959 2134 4040 moramur,

476 4085 657 4168 omittere
688 4079 807 4162 satius
835 4077 935 4166 erit·

478 4477 1331 4524 mm
1342 4467 2133 4508 mm‘ss

579 4783 636 4888 (o
663 4789 809 4862 matun.
838 4785 880 4860 ae
903 4799 971 4864 ant.
994 4783 1094 4864 nect.
1121 4788 1192 4862 an.
1220 4789 1299 4868 nt.
1325 4793 1403 4890 tv.¹
1423 4821 1499 4894 esp.
1528 4793 1629 4868 vm.
1658 4771 1900 4868 ammi.
1930 4779 2141 4874 notemus

480 4920 519 4990 in
543 4911 781 5016 Dionysianis
806 4916 1014 4994 consuetud.
1043 4930 1116 4993 tres
1140 4915 1323 4998 Lectiones
1348 4923 1391 4999 de
1416 4923 1459 5002 S.
1484 4923 1649 5000 Mellotte
1668 4911 1925 5026 Epist-Confi

1306 5242 1361 5366 δ
