4914 6610
1042 537 1219 659 (ιω)

193 735 201 753 ⁸
280 707 441 790 latinam
473 705 588 792 habet
616 706 939 818 inscriptionem,
969 737 1081 792 suam
1110 742 1199 828 erga
1229 709 1272 794 B.
1303 707 1509 828 Virginem
1548 713 1801 806 devotionem
1828 725 1959 808 testari

282 845 429 964 uoluit,
452 847 754 960 Inscriptionem
783 851 909 960 ipsam
939 849 989 936 ad
1019 857 1141 936 imam
1172 857 1333 968 paginae
1362 887 1475 940 oram
1504 855 1646 944 damus
1674 858 1692 975 (
1708 857 1736 976 ).
1828 829 1847 854 Ἰ

329 983 333 990 “
397 993 585 1075 Diximus
614 988 751 1074 divina
781 995 945 1096 virtute,
977 1015 1016 1076 et
1044 1025 1091 1077 ex
1120 998 1392 1080 intercessione
1420 997 1483 1081 SS.
1513 999 1688 1118 Virginis
1716 1004 1787 1091 hac
1814 1009 1859 1092 in
1885 1009 1959 1094 Ec-

282 1133 399 1216 clesia
429 1134 627 1216 invocatae
656 1131 770 1246 plura
800 1154 949 1243 patrata
979 1133 1187 1237 miracula,
1216 1165 1288 1224 uec
1318 1133 1379 1219 his
1398 1143 1618 1225 testimonia
1638 1141 1796 1232 desunt.
1819 1147 1883 1233 De
1902 1151 1960 1262 ip·

284 1275 334 1352 sis
364 1274 542 1354 enimin
573 1276 711 1383 primis
740 1294 902 1364 testatus
946 1296 1004 1358 ost
1033 1275 1287 1364 Innocentius
1316 1278 1447 1385 Vlll,
1483 1286 1596 1367 cuius
1632 1287 1675 1370 in
1706 1287 1824 1372 Bulla
1863 1321 1966 1376 anno

281 1409 720 1500 llICCCCLXXXV.
748 1415 849 1522 data,
868 1445 970 1530 quae
1018 1419 1155 1530 incipit
1184 1437 1227 1499 z
1258 1419 1387 1532 Super
1422 1421 1629 1508 aethereas
1638 1428 1853 1511 sublimata
1880 1436 1967 1516 vti*-

286 1579 385 1690 tutes
429 1581 469 1644 et
511 1587 613 1671 quae
652 1553 831 1641 aBovio
870 1563 1093 1662 recitatur,
1127 1557 1222 1642 haec
1264 1581 1359 1643 sunt
1396 1561 1516 1646 verba
1558 1585 1600 1648 2*-
1647 1587 1812 1681 propter
1847 1575 1965 1656 innu-

278 1731 393 1786 mera
435 1695 676 1802 miracula,
725 1729 826 1814 petae
871 1697 1051 1781 eiusdem
1094 1701 1249 1784 meritis
1296 1717 1334 1784 et
1376 1704 1653 1788 intercessione
1691 1707 1862 1822 singulis
1904 1709 1966 1796 ad

280 1871 374 1922 eam
403 1840 719 1941 recurrentibus,
759 1855 797 1920 et
830 1841 954 1952 ipsius
988 1845 1257 1949 patrocinium
1294 1841 1627 1958 implorantibus,
1657 1847 1886 1933 Altissimus
1921 1881 1960 1934 ο·

278 1999 445 2096 perotus
474 2003 562 2088 est,
591 1999 629 2066 et
657 1982 915 2090 operatorio
945 1977 1031 2061 dies
1060 2011 1116 2064 ex
1146 1979 1315 2067 diversis
1343 1979 1489 2066 mundi
1498 1985 1682 2094 partibus
1702 1985 1843 2100 populi
1858 1989 1958 2073 mttl·

279 2129 388 2209 tt'udo
418 2128 580 2242 confluit
608 2145 650 2206 s:
676 2122 742 2204 En
770 2119 889 2204 habes
917 2121 1129 2202 innumera
1158 2120 1376 2226 uu'rocula,
1403 2141 1443 2203 et
1471 2149 1592 2206 none
1625 2119 1805 2209 finitimis
1834 2130 1957 2242 regio·

283 2265 400 2354 nibus
432 2286 599 2366 tantum,
628 2259 699 2342 sed
729 2281 768 2342 et
797 2289 854 2341 ex
884 2257 1073 2343 diversis·
1089 2259 1239 2351 mundi
1258 2263 1440 2373 partibus
1463 2262 1652 2376 populum
1680 2270 1955 2383 confluentem.

398 2405 484 2488 Nec
525 2399 773 2516 temporibus
810 2397 1028 2486 Innocentii
1073 2423 1228 2488 tantum
1266 2402 1357 2486 data
1393 2400 1465 2486 hac
1501 2403 1544 2486 in
1573 2401 1749 2488 Ecclesia
1784 2409 1952 2492 miracu·

278 2548 414 2630 lorum
444 2548 597 2660 gratia,
626 2546 725 2656 quin
752 2561 792 2624 et
822 2519 1105 2653 posterioribus
1135 2573 1298 2657 quoque
1327 2537 1490 2625 saeculis
1521 2563 1644 2630 aucta.
1660 2543 1833 2629 Illorum
1851 2545 1957 2632 mul.

276 2707 336 2789 ta,
365 2707 405 2770 et
432 2686 661 2798 praecipua,
690 2687 792 2767 iuter
821 2714 923 2798 quae
952 2682 1129 2774 defuncti
1159 2690 1277 2770 unius
1305 2707 1344 2768 et
1372 2682 1531 2769 alterius
1560 2687 1603 2768 in
1632 2688 1756 2768 vitam
1795 2693 1954 2772 restitu-

279 2833 349 2932 tio,
379 2827 430 2911 ab
461 2825 607 2910 lllustr.
636 2821 784 2926 Bovi0,
814 2846 854 2910 et
882 2857 905 2908 a
934 2827 977 2908 F.
1007 2823 1224 2942 Seraplrino
1252 2857 1274 2910 a
1303 2825 1504 2910 Montorio
1532 2827 1758 2908 recitantur.
1779 2824 1828 2909 In
1857 2827 1956 2940 Epi·

279 2966 445 3080 scopalis
474 2993 636 3078 quoque
665 2962 809 3050 Curiae
837 2961 1010 3056 Archivo
1038 2987 1189 3049 exstant
1217 2965 1313 3060 Acta
1342 2994 1364 3046 a
1392 2965 1506 3058 nobis
1534 2963 1645 3068 olim,
1675 2995 1768 3048 cum
1788 2968 1954 3077 piissimi

276 3107 469 3232 Episcopi
506 3107 678 3192 Ianuarii
708 3104 919 3228 Antouucii
961 3108 1065 3190 vices
1102 3133 1307 3222 ageremus
1344 3103 1476 3209 lecta,
1521 3103 1738 3220 insignium
1789 3106 1953 3188 sanatio·

278 3276 405 3351 uum,
434 3247 617 3336 inuocato
646 3265 776 3328 nostra
805 3245 846 3340 ip
876 3242 1049 3332 Ecclesia
1077 3245 1141 3330 SS.
1171 3245 1342 3364 Virginis
1370 3248 1607 3368 patrocinio,
1627 3243 1820 3334 laetarum
1849 3249 1953 3329 eius·
1997 3303 2001 3310 ,

275 3383 372 3482 dem
401 3383 517 3470 Bovii
531 3402 678 3485 aetate,
698 3384 768 3498 qui
788 3379 934 3474 auditis
959 3383 1147 3490 testibus,
1165 3389 1448 3502 exquisitisque
1467 3385 1666 3470 sententiis
1685 3411 1813 3465 sacrae
1821 3382 1949 3468 Theo·

277 3524 435 3640 legiae,
464 3546 504 3608 et
532 3517 754 3614 Medicinae
783 3553 946 3638 quoque
974 3522 1215 3632 doctorum,
1243 3530 1458 3620 sanationes
1501 3524 1588 3610 illas
1634 3553 1752 3636 supra
1790 3544 1965 3616 naturae*

273 3665 544 3770 vires,divina
573 3673 614 3754 vi
646 3693 686 3755 et
713 3672 889 3782 potentia
917 3669 1036 3754 factas
1065 3668 1289 3762 declaravit.
1317 3667 1428 3774 Quae
1456 3666 1557 3752 olim
1591 3688 1752 3760 testante
1784 3664 1949 3776 Episco

283 3805 536 3921 poSarnellio
554 3807 682 3923 lignea
701 3827 826 3893 statua
841 3805 1057 3892 Raimuudi
1081 3807 1133 3894 de
1148 3805 1302 3898 Ursinis
1312 3805 1645 3898 DucisGravinae
1664 3807 1826 3922 insignis
1841 3833 1949 3892 sana-

65 3937 162 4002 fi

4 4020 82 4116 re
268 4033 1944 4074 =-—--—----—--÷÷-÷-—--

382 4091 445 4192 (*)
472 4093 646 4172 nuctru
672 4081 961 4171 ussrrssms
986 4089 1155 4164 unco

475 4219 591 4292 veru
619 4219 703 4291 out
731 4217 902 4307 Arovn
928 4213 1134 4293 noturus
1162 4211 1349 4294 rannus

478 4343 919 4422 tusunvamtonuu
945 4343 1010 4416 nr
1037 4341 1280 4418 oensrvu

476 4469 625 4546 nvrvs
650 4471 784 4544 svin
812 4465 1145 4541 vunentanus
1171 4467 1396 4546 mistros

473 4599 692 4674 asuero
717 4597 819 4670 Tvo
845 4594 993 4668 meur
1018 4595 1227 4670 motouo
1338 4643 1342 4648 .

392 4773 403 4788 ,
477 4724 662 4812 ,inemo
688 4721 951 4796 consumto
976 4717 1324 4798 nscnunuomo

474 4847 709 4942 nuscoro
730 4847 1013 4936 tttLPHtTaE
