4870 6630
1285 547 1530 667 (aar

1257 861 1366 952 Lect.
1398 862 1499 951 VII·

647 1133 760 1220 Sicut
787 1139 907 1223 etiam
936 1169 1024 1226 eam
1053 1141 1206 1261 absque
1233 1143 1522 1232 lubitatoribus
1549 1175 1598 1232 ex
1627 1165 1732 1232 tanta
1761 1144 2022 1234 multitudine
2058 1179 2212 1240 roman·

549 1285 642 1368 sisse
669 1301 817 1397 etque
845 1280 969 1402 gloria
998 1285 1165 1372 florebat
1193 1350 1358 1376 .....
1388 1313 1495 1374 nunc
1522 1284 1691 1374 diversis
1720 1293 1826 1404 vitiis
1855 1291 2063 1376 imbueret·
2082 1292 2205 1378 Silen-

547 1428 604 1509 tlo
632 1446 765 1510 tamen
794 1426 869 1513 hoc
897 1449 1081 1514 notamus
1110 1491 1281 1514 .....
1304 1471 1320 1513 ·.
1349 1494 1360 1514 .
1388 1493 1399 1515 .
1427 1494 1437 1513 .
1465 1449 1595 1516 sancte
1624 1429 1798 1516 Ecclesia
1826 1429 1993 1518 domino
2021 1495 2217 1522 ......

529 1571 759 1690 primatum
786 1587 903 1653 tenet.
932 1568 1076 1682 Itaque
1103 1565 1171 1655 dei
1198 1565 1374 1654 famulus
1403 1573 1563 1660 sabinus
1590 1572 1641 1659 ab
1669 1573 1857 1659 omnibus
1884 1635 2049 1664 .....
2090 1603 2209 1660 venc-

536 1711 698 1796 rabatur
725 1715 767 1798 in
797 1727 954 1798 tantum
983 1734 1029 1796 ut
1057 1739 1170 1795 rome
1192 1711 1310 1826 ⁸urbis
1338 1711 1507 1831 gelasius
1536 1711 1711 1826 pontifex
1739 1743 1811 1824 pre
1838 1715 1973 1797 ceteris
2015 1714 2206 1825 episcopis

533 1833 698 1936 socium
715 1882 810 1938 eum
838 1853 1000 1942 haberet
1026 1874 1067 1936 ot
1095 1877 1350 1970 compartum.
1380 1851 1488 1940 Nam
1515 1883 1610 1939 cum
1638 1852 1898 1938 barolitanam
1916 1849 2121 1938 ecclesiam
2135 1851 2203 1938 de

532 1987 663 2079 dicare
691 1995 909 2092 inhonore
937 1995 1149 2082 beatissimi
1177 1998 1336 2092 Andree
1364 1991 1544 2107 Apostoli
1581 1991 1768 2084 voluisset
1804 1989 1977 2082 eundem
2015 1992 2207 2108 gelasium

531 2160 675 2254 papam
703 2129 756 2228 ad
783 2164 825 2218 se
852 2134 1064 2228 adventare
1092 2141 1255 2254 rogavit
1284 2131 1408 2246 Quod
1436 2135 1586 2226 factum
1614 2152 1689 2226 est,

622 2369 625 2376 ,
1316 2276 1438 2388 Resp.

565 2455 571 2466 ·
644 2409 781 2500 Sancte
807 2411 949 2498 Sabine
976 2415 1109 2502 christi
1138 2414 1333 2512 confessor
1361 2411 1458 2510 audi
1486 2404 1686 2526 precantes
1714 2411 1892 2504 servulos
1920 2433 1959 2498 et
1988 2415 2196 2524 impetrare

531 2558 672 2644 celitus
700 2555 853 2638 miseris
880 2553 1170 2670 indulgentiam
1198 2587 1240 2648 :t
1276 2565 1311 2637 i.
1338 2570 1380 2634 Ξ
1415 2551 1452 2636 Ο
1480 2575 1609 2648 sancte
1637 2554 1780 2638 Sabine
1815 2555 1958 2666 spiritu
1993 2556 2201 2644 associatus

447 2781 452 2792 .
535 2697 703 2790 dontino
730 2722 869 2788 omues
898 2715 1062 2786 tuorum
1091 2697 1262 2810 gemitus
1289 2696 1404 2790 solita
1432 2699 1584 2810 suscipe
1612 2693 1832 2792 clementia,

1239 2981 1347 3078 Lea.
1381 2977 1503 3070 VIII.

598 3231 602 3240 Δ
636 3268 825 3382 Cumque
852 3261 1122 3378 supradictam
1150 3258 1369 3345 Ecclesiam
1397 3257 1580 3345 dedicare
1608 3261 1798 3372 poposcit.
1834 3260 1924 3348 satis
1961 3255 2014 3342 de
2053 3255 2200 3350 adven.

514 3387 571 3506 ,ω
600 3414 731 3524 prime
758 3407 862 3503 sedis
889 3405 1060 3516 episcopi
1091 3395 1278 3522 gaudens,
1308 3394 1560 3529 Quapropter
1589 3397 1703 3498 hilari
1741 3403 1877 3486 animo
1930 3427 2026 3490 curn
2064 3405 2201 3492 ceteris

1339 3903 1348 3920 .
1378 3845 1422 3919 V
1417 3844 1444 3916 I
1466 3897 1475 3916 .
1534 3879 1539 3887 ·
1751 3902 1760 3920 .
1850 3913 1852 3918 .

614 3986 715 4080 ‘Nam
733 3929 812 4070 suut
837 3931 1062 4074 lturttlitapam¹
1081 3844 1508 4070 Εράωἰααξβὲἒάἰεαῐζίη
1532 3927 1659 4056 lionorp
1682 3941 1860 4052 licatissipni
1888 3964 2020 4048 Andree
2044 3961 2197 4066 Apostoli

523 4113 676 4202 voluisset
700 4109 847 4216 eundern
871 4106 1025 4219 golasium
1049 4130 1174 4222 popam
1200 4101 1302 4192 adse
1326 4099 1502 4188 adventare
1524 4095 1653 4210 rogavit
1677 4093 1768 4222 quod
1793 4107 1827 4176 ct
1850 4095 1939 4180 fecit.
2205 4215 2211 4227 ¹

683 4257 690 4268 '
1135 4221 1139 4228 ⁵
1211 4223 1332 4319 'lecu
1360 4225 1482 4316 VIII,
1625 4295 1629 4304 ,
2025 4231 2028 4240 ’
2100 4233 2104 4241 ’

617 4369 730 4460 Quam
754 4363 973 4463 supradictam
998 4358 1182 4450 Ecclesiam
1206 4358 1359 4450 dedicare
1383 4354 1533 4456 poposcit
1556 4354 1632 4443 setis
1656 4351 1698 4430 tle
1723 4351 1863 4438 adventu
1888 4350 1996 4450 prime
2020 4349 2108 4431 sudis
2125 4351 2194 4452 epi-

518 4522 620 4596 scopo
646 4493 799 4595 gaudeus,

1319 4623 1347 4682 c.
1375 4608 1451 4698 IX,

614 4753 823 4858 Quapropter
847 4745 948 4833 alacri
972 4747 1084 4834 anino
1109 4767 1190 4820 cum
1208 4608 1331 4826 colueris
1355 4691 1513 4835 episcopis
1538 4757 1622 4852 quos
1646 4730 1688 4816 ad
1722 4729 1958 4815 dedicationctn
1996 4727 2131 4810 ecclesie
2154 4755 2193 4804 s-

516 4881 648 4968 iusum
673 4892 847 4962 currerat
870 4873 1086 4985 omnipotenti
1111 4869 1175 4956 deo
1199 4869 1315 4978 gratias
1338 4866 1456 4978 egilon
1480 4863 1570 4984 qaod
1595 4860 1684 4946 adse
1700 4872 1807 4946 uptus
1823 4858 1970 4966 pontifex
1988 4856 2184 4938 advenisset.
2260 4929 2269 4980 .·
