4870 6630
1027 571 1046 688 (
1076 601 1127 686 9¹
1161 570 1179 688 t

680 877 752 968 su
789 877 1186 990 snounuans
1226 887 1523 982 onnmns

917 1167 1282 1256 anpoutnto.

375 1425 484 1511 Cum
502 1403 669 1512 ⁹Clarias
697 1420 915 1508 Martenius
943 1455 1025 1508 non
1053 1455 1216 1536 operam
1245 1427 1501 1545 chartamque
1529 1431 1697 1547 perdere
1726 1445 1942 1558 quamplu-

233 1569 384 1650 rimos
409 1563 611 1682 ¹Antiquos
658 1565 1001 1652 Sacramentorum
1030 1560 1201 1654 Ordines
1229 1569 1385 1655 edendo
1423 1580 1724 1686 existimaverit,
1763 1615 1939 1701 cumque

236 1705 355 1792 inde
386 1739 571 1825 magnam
600 1738 622 1791 a
650 1706 776 1793 doctis
803 1709 959 1822 piisque
988 1713 1082 1796 viris
1112 1743 1329 1828 rerumque
1359 1713 1727 1806 Ecclesiasticarum
1755 1733 1937 1818 amatori-

238 1849 337 1934 bus
372 1849 536 1936 laudem
564 1833 794 1962 consecutus
821 1845 963 1958 fuerit;
990 1880 1040 1934 an
1069 1883 1141 1937 nos
1160 1855 1505 1941 Sacrameutorum
1531 1859 1702 1946 Ordines
1728 1893 1937 1980 sacrosque

243 1997 364 2078 ritus
392 1997 611 2110 antiquitus
639 1997 681 2112 in
708 1991 898 2103 Apuliae,
927 2013 978 2076 et·
998 1993 1183 2110 Iapygiae
1213 2000 1440 2113 regionibus
1476 2003 1641 2088 usitatos
1680 2003 1796 2090 edere
1835 2013 1941 2124 pige

248 2138 359 2225 hit?
396 2135 517 2245 Quod
564 2142 688 2254 igitur
736 2169 810 2252 pro
859 2134 1086 2224 Galliarum
1134 2137 1322 2223 Ecclesiis
1352 2146 1524 2226 maxime
1554 2145 1623 2229 ille
1659 2145 1780 2252 fecit,
1822 2151 1941 2236 nobis

248 2293 425 2398 quoque
452 2312 527 2397 pro
555 2285 697 2366 nostris
726 2279 912 2366 Ecclesiis
941 2280 1067 2366 facere
1096 2281 1237 2368 licebit.
1268 2281 1463 2389 Quamvis
1482 2290 1590 2369 enim
1609 2289 1680 2372 hae
1696 2315 1849 2378 nostrae
1864 2295 1942 2379 Ro-

247 2453 399 2509 manae
428 2421 626 2508 Ecclesiae
653 2427 811 2538 penitus
839 2444 966 2510 essent
994 2421 1205 2528 addictae,
1233 2426 1398 2539 eiusque
1426 2430 1526 2510 ritus
1554 2453 1832 2543 sequerentur,
1862 2465 1944 2521 non

245 2569 318 2650 ita
348 2588 481 2651 tamen
509 2594 549 2650 se
578 2566 779 2651 adstrictas
806 2566 1026 2679 putabant,
1056 2588 1102 2651 ut
1130 2566 1285 2681 aliquos
1314 2568 1527 2685 singulares
1557 2574 1657 2655 ritus
1685 2604 1708 2656 a
1735 2579 1939 2664 maiorum

246 2705 474 2792 traditione
502 2727 679 2819 acceptos
707 2712 875 2792 omnino
902 2703 1167 2793 excluderent.

348 2849 486 2936 -Hinc
514 2851 695 2965 primum
723 2845 880 2934 edimus
913 2847 1113 2937 Ordinem
1140 2851 1202 2937 ad
1231 2851 1573 2938 Culecumenum
1585 2853 1838 2966 faciendam
1856 2857 1940 2974 (r),

263 3274 347 3366 Quo
371 3297 412 3346 ex
438 3269 574 3352 Psalmo
598 3267 718 3348 coniici
742 3270 863 3368 poterit
887 3270 979 3346 initio
1004 3271 1122 3346 saeculi
1146 3271 1237 3346 XVI
1262 3272 1304 3348 ad
1330 3273 1416 3348 solos
1455 3299 1603 3372 pueros,
1630 3277 1700 3350 sive
1736 3273 1859 3374 puellas
1891 3301 1944 3352 re·

264 3404 411 3477 strictam
434 3400 519 3478 hanc
542 3398 814 3476 consuetudinem
839 3397 953 3472 fuisse.
981 3401 1036 3474 Ex
1061 3401 1126 3478 hoc
1150 3403 1251 3477 etiam
1282 3427 1361 3476 cum
1397 3401 1558 3502 superiori
1583 3400 1710 3474 Ordine
1754 3413 1942 3502 camparato

265 3529 346 3602 illud
370 3531 471 3602 etiam
495 3528 735 3630 intelligimus,
763 3529 965 3630 quandoque
990 3529 1264 3629 ponderationem
1288 3509 1406 3603 saetam
1431 3541 1582 3628 suscepto
1617 3542 1694 3603 voto
1718 3556 1783 3636 pro
1809 3531 1942 3608 infirmo
1978 3619 1982 3630 ,

267 3681 404 3758 puero,
430 3655 485 3736 ve]
509 3658 616 3757 puella
640 3659 684 3732 ad
708 3658 950 3758 impetrandam
975 3656 1097 3733 scilicet
1120 3654 1318 3753 sanitatem,
1345 3655 1542 3759 quandoque
1572 3655 1616 3730 ad
1650 3671 1773 3732 votum
1803 3681 1865 3756 pro
1890 3683 1942 3730 sa·

266 3785 334 3859 lutc
358 3784 432 3860 iam·
451 3784 567 3884 adepta
591 3785 800 3862 solvendum.
994 3861 998 3868 ,
1245 3865 1248 3870 ,

247 3923 267 3969 -‘
369 3911 524 4014 (1)Cur
548 3915 602 3987 ad
627 3913 933 3991 cathecumenum
947 3914 1168 4021 faciendum
1191 3926 1229 3989 ut
1253 3926 1286 3988 et
1310 3914 1346 3988 in
1371 3911 1625 4015 quamplurimis
1651 3909 1722 3985 aliis
1736 3912 1874 4014 antiquis
1886 3912 1946 3986 Ri-

266 4038 408 4118 tualibus
431 4043 610 4141 reperitur,
638 4057 671 4118 et
701 4044 903 4145 non'potius
931 4045 1031 4120 Ordo
1056 4043 1256 4146 Baptismi,
1284 4057 1325 4117 nt
1354 4067 1435 4118 vere
1468 4041 1552 4116 est?
1583 4041 1826 4143 Antiquissimis
1858 4055 1947 4117 certe

265 4171 474 4272 temporibus
498 4173 555 4248 alii
581 4175 710 4275 proprii
734 4186 826 4249 mant
850 4175 959 4270 ritus,
984 4173 1106 4276 quibus
1130 4170 1368 4246 cathecumeni
1393 4167 1666 4268 recipiebantur,
1701 4180 1735 4240 et
1766 4167 1810 4241 ad
1832 4168 1945 4269 Bapti-

267 4327 377 4376 smum
402 4303 703 4398 instructionibus,
729 4304 940 4399 exorcismis,
967 4299 1274 4395 exsrldationibtu,
1301 4297 1533 4394 unctionibus,
1548 4295 1704 4397 precibus
1728 4293 1864 4400 ali‘nqne
1879 4295 1944 4372 lru·

267 4429 448 4506 imcemodi
471 4431 777 4532 praeparabantur,
804 4429 860 4504 alii
883 4455 993 4529 ruo,
1020 4430 1080 4532 qai
1105 4429 1256 4530 proxime
1281 4427 1324 4502 ad
1347 4428 1582 4528 Baptismum,
1617 4437 1650 4500 et
1673 4423 1716 4499 ad
1740 4422 1942 4525 baptismum

267 4563 373 4660 ipsum
398 4560 623 4662 pertinebant.
651 4559 741 4637 Cum
764 4585 846 4646 vero
869 4557 1068 4659 procedente
1092 4572 1245 4658 tempore
1279 4554 1473 4632 adultorum
1505 4554 1688 4654 baptismus
1726 4554 1784 4630 via
1820 4564 1876 4628 aut
1893 4575 1942 4626 ue

271 4689 328 4760 rix
353 4689 601 4785 usitatus’etset,
617 4703 728 4763 sancta
752 4686 882 4763 invecta
906 4686 1171 4780 consuetudine,
1200 4697 1240 4758 ut
1263 4707 1378 4758 ornnes
1402 4681 1540 4758 infantili
1565 4683 1598 4758 in
1616 4694 1719 4758 aetate
1738 4678 1944 4784 baptizaren·
2072 4737 2077 4747 .

274 4825 345 4908 tur,
356 4811 395 4890 lti
419 4814 484 4890 duo
508 4819 584 4892 satis
606 4829 700 4892 autea
724 4814 864 4893 distindi
889 4815 1028 4913 Ordines
1053 4813 1143 4890 velut
1168 4814 1201 4888 in
1227 4825 1335 4889 unum
1359 4811 1492 4952 cundati
1518 4826 1623 4915 utut,
1649 4812 1751 4918 priori
1779 4805 1869 4884 titulo
1893 4803 1948 4882 ad
