4870 6630
1041 495 1188 613 (53)

364 898 368 908 .
394 827 481 912 Fer.
511 821 587 908 lll.
620 819 716 904 Post
744 825 906 898 sentam
934 799 1053 890 vadit
1085 802 1289 914 processio
1328 796 1388 882 ad
1420 813 1598 882 montem
1628 799 1745 911 Syon
1778 795 1979 884 cantando

260 967 529 1083 antiphonas
562 957 821 1076 prescriptos.
859 950 909 1035 In
946 945 1108 1027 introitu
1146 939 1310 1024 ecclesie
1351 942 1490 1051 incipit
1525 942 1694 1024 Gorttor*
1718 940 1869 1053 meopte
1907 941 1983 1028 vel

272 1139 461 1228 respons.
491 1103 542 1188 de
575 1104 728 1188 Sancto
758 1087 901 1180 Morio
930 1085 991 1203 (1)
1021 1101 1057 1168 et
1096 1086 1221 1166 intrat
1250 1079 1491 1168 Ecclest'om.
1522 1083 1632 1166 Puer
1648 1119 1651 1126 ⁴
1667 1111 1768 1164 veto
1795 1078 1884 1174 Oro¹
1904 1113 1978 1195 pro

274 1258 402 1344 nobis
428 1267 559 1334 saneta
588 1242 655 1328 dei
683 1260 754 1324 etc
787 1233 973 1322 Colleoto·
987 1226 1040 1311 de
1068 1221 1499 1308 comunibus-Deinde
1536 1222 1695 1308 vadunt
1719 1223 1781 1309 od
1791 1243 1976 1312 sonetum

278 1403 482 1520 spiritum-
502 1381 703 1473 cantando
730 1375 1083 1491 autoph.·Spiritus
1106 1363 1261 1450 domini
1279 1359 1445 1472 replevit
1458 1381 1584 1446 tutam
1605 1393 1697 1446 cum
1711 1396 1845 1452 versn
1867 1367 1978 1453 Pner

280 1569 393 1656 vtro
419 1534 555 1620 emitte
583 1525 771 1636 spiritum
798 1537 925 1598 tuum.
959 1507 1131 1596 Cottecta
1170 1503 1221 1589 de
1261 1505 1496 1588 comunibus.
1526 1504 1693 1590 Dotndc
1727 1507 1906 1594 redeunt·
1930 1517 1974 1594 in

290 1679 415 1764 choro
444 1669 567 1753 ettibt'
594 1659 897 1744 diciturmisea
954 1709 979 1730 ··
1019 1710 1030 1766 ,·
1229 1711 1237 1728 ·
1296 1709 1304 1726 ·
1363 1699 1438 1724 ···
1496 1706 1507 1724 ·
1621 1697 1649 1726 ··
1746 1710 1754 1728 ·
1882 1677 1898 1716 ’-

399 1876 430 1893 ,,
528 1868 556 1897 ,,
674 1857 682 1873 .
1193 1847 1201 1862 ·
1321 1853 1329 1870 .
1444 1789 1639 1874 ·*Fim'tn
1678 1796 1803 1875 misso
1838 1797 1973 1878 stntiin

287 1957 481 2070 inct'pitur
507 1981 535 2032 o
565 1942 714 2029 dnobm
742 1938 890 2022 letania
947 1992 977 2015 ‚,
1015 1997 1024 2014 .
1079 2000 1090 2017 .
1155 1997 1164 2014 .
1222 1936 1324 2016 sicot
1356 1947 1415 2013 est
1452 1934 1495 2011 in
1534 1929 1632 2014 libro
1670 1960 1763 2014 curn
1799 1963 1879 2048 qno
1916 1963 1975 2018 re‘·

296 2097 419 2182 deum
447 2089 516 2176 od.
529 2083 755 2200 sepulcntm
784 2075 922 2192 Agnus
952 2073 1030 2158 Dei
1061 2093 1098 2156 et
1129 2090 1198 2156 cet·
1225 2090 1274 2155 'ut
1301 2075 1347 2183 in
1369 2066 1609 2182 precedenti
1635 2069 1700 2156 dre
1728 2095 1820 2158 etc.-

411 2229 446 2312 F
446 2230 523 2311 erio
554 2221 652 2305 IIII.
680 2223 726 2302 in
753 2215 900 2331 vigilio
928 2219 1175 2300 ascensionis
1204 2211 1494 2328 (omittuntus-
1511 2211 1617 2327 alia)
1647 2211 1755 2300 ondit
1778 2223 1979 2327 processio

174 2325 278 2501 sss
293 2370 353 2456 od
377 2349 571 2464 Sanctum
610 2361 880 2475 Stephanum:
901 2359 953 2446 In
989 2361 1151 2441 introitu
1179 2352 1357 2441 Ecclesie
1404 2353 1544 2464 incipit
1587 2361 1733 2436 cantor
1754 2353 1858 2442 Eoce
1895 2361 1975 2442 iam

159 2502 278 2574 'si
295 2539 429 2598 coram
458 2529 498 2588 te
526 2503 599 2589 vel
625 2531 696 2588 ave
724 2503 854 2584 senior
882 2497 1104 2610 Stephane:
1131 2529 1235 2610 puer
1261 2524 1361 2579 vero
1389 2524 1458 2576 ora
1485 2524 1559 2605 pro
1598 2498 1721 2582 nobis
1748 2499 1860 2584 beate
1894 2503 1978 2586 ste

289 2653 429 2769 phane.
462 2645 542 2731 On⁰
560 2642 823 2752 Omnipotens
840 2641 1078 2750 sempiterne
1106 2641 1206 2724 deus
1235 2644 1306 2756 qui
1326 2643 1468 2752 primi:
1487 2633 1550 2751 (2)
1570 2637 1640 2726 Ad
1653 2644 1820 2722 missam
1840 2669 1977 2728 omnes

292 2807 425 2909 gentes
464 2781 540 2897 pla.
579 2782 645 2865 Ps.
677 2779 856 2862 Subiecit
902 2780 1073 2891 populos
1110 2787 1223 2871 nobis
1256 2791 1339 2874 Or.⁰
1365 2781 1499 2868 Pressa
1542 2810 1759 2894 quesumus
1795 2789 1977 2898 omnipo

295 2955 391 3018 tens-
409 2925 517 3012 deus-
537 2941 649 3036 poter
673 2941 722 3002 ut
748 2938 888 3004 nostre.
918 2923 1098 3034 Epistola
1116 2927 1295 3014 Annon
1318 2923 1882 3042 Apostolomm'Multitudinis
1899 2955 1979 3012 cre·

295 3071 487 3164 dentium.
518 3063 706 3178 Alleluia·
728 3056 865 3144 omues
909 3083 1039 3176 gentes
1067 3065 1200 3180 plaud.
1230 3066 1491 3180 Evangeltnm
1527 3061 1746 3147 secundum
1776 3067 1979 3151 Ioannem}

294 3206 652 3305 Summotis-Iesus
689 3202 831 3288 oculis:
865 3203 944 3318 Off
971 3201 1059 3288 Viri
1097 3203 1227 3321 galilei
1255 3203 1355 3318 quid
1383 3205 1635 3290 admiramini
1663 3202 1700 3304 i·
1730 3239 1904 3324 cumque
1920 3217 1982 3296 ina

296 3377 502 3446 tuerentur
530 3355 572 3435 in
601 3349 751 3434 celum:
788 3349 918 3433 coms
942 3344 1057 3430 Pater
1075 3377 1169 3432 cum
1187 3381 1311 3436 essem
1339 3375 1432 3434 cum
1461 3352 1526 3432 eis.
1556 3348 1648 3433 Post
1667 3354 1843 3436 'missam
1882 3356 1981 3436 inci-

223 3517 226 3522 '
289 3505 400 3618 pitur
427 3531 454 3580 a
483 3492 633 3578 notos
661 3491 814 3576 letania
841 3487 954 3574 KirIe
992 3487 1136 3572 eleison
1179 3490 1333 3576 Christe
1360 3493 1534 3577 eleison:
1566 3491 1727 3576 domine
1765 3496 1977 3598 miserere,

294 3673 386 3724 cnm
413 3671 492 3754 qua
527 3631 783 3722 redissent
806 3631 1070 3745 sepzdctoom.
1100 3630 1149 3715 In
1178 3637 1342 3715 introitu
1367 3633 1543 3718 Ecclesie
1572 3633 1709 3750 Agnus
1725 3632 1805 3750 „dei
1833 3652 1881 3716 et·
1900 3652 1981 3716 cet.-

295 3782 427 3862 omnie
455 3799 690 3888 utsupra.-

208 3951 239 4029 ἱ·
325 3934 330 3944 ’
414 3916 723 4004 lomensem
752 3914 906 4000 domini
927 3911 948 4028 (
965 3911 1119 4000 omissis
1147 3915 1327 4032 ceteris).
1358 3909 1449 4001 Post
1484 3911 1714 4030 Capitulum
1742 3908 1860 4000 nothi
1887 3937 1983 4029 pott-¹

210 4036 213 4053 ’
305 4070 426 4150 cessio
454 4062 515 4148 ad
539 4077 713 4148 montem
741 4059 881 4145 oliveti
907 4058 1100 4178 mutando
1130 4093 1164 4152 n.
1186 4063 1257 4142 ·ite
1279 4061 1327 4142 iu
1354 4057 1499 4141 orbem
1538 4063 1770 4142 uuiversum
1809 4071 1843 4138 t,
1871 4063 1979 4174 signa

318 4565 321 4572 .
400 4493 663 4602 (sylo-monte
686 4491 767 4566 Sion
792 4503 861 4564 eret
885 4489 1107 4566 Ecclesiam
1137 4490 1185 4564 V.
1207 4490 1341 4564 -Masiae
1365 4492 1498 4566 nomine
1523 4491 1595 4566 Deo
1619 4490 1749 4568 diceto·

403 4623 461 4724 (α’)
488 4622 599 4721 Digna
623 4645 709 4722 quae
734 4632 865 4693 notetur
889 4644 941 4691 res
965 4631 1043 4712 est,
1070 4617 1164 4718 quod
1190 4629 1224 4689 et
1248 4620 1281 4690 in
1306 4618 1440 4693 Missole
1464 4617 1638 4716 Gothico,
1683 4635 1722 4697 et-
1747 4623 1778 4697 in
1814 4619 1993 4696 Gallicano

305 4753 406 4826 vetui
436 4750 601 4828 Collecta
628 4747 789 4828 iubentus
812 4747 912 4819 etiam
937 4744 987 4820 de·
1002 4745 1040 4820 S.
1069 4743 1251 4844 Stephano
1264 4746 1299 4818 iu
1323 4747 1559 4848 rogationibus.
1582 4751 1677 4826 ·Vide
1702 4753 1746 4825 B.
1765 4747 2007 4826 Thomssiutn¹

299 4881 393 4980 opp.
415 4871 460 4954 Τ.
488 4870 677 4978 V11.'pag.
707 4876 776 4978 307
794 4888 840 4978 et·
861 4875 950 4976 titii·
990 4965 996 4978 ,
