4870 6630
1281 609 1429 728 (64)

1348 917 1382 1002 1.

496 1177 521 1260 ¹²
595 1132 684 1170 ³¹·
708 1211 831 1302 >tamo
858 1215 910 1300 ab
937 1207 1214 1297 incarnatione
1253 1199 1407 1294 doou'nt'
1433 1200 1498 1290 M
1496 1199 1749 1295 cmm
1777 1139 1935 1298 Indt'ct.¹
1951 1211 2001 1299 V
1994 1215 2026 1302 L

636 1501 727 1618 Ego
755 1519 825 1584 ete
854 1494 920 1582 dei
949 1494 1071 1608 gratia
1100 1488 1316 1576 Ierusalem
1344 1486 1590 1598 patriarcha,
1616 1507 1737 1606 atque
1765 1489 1913 1579 Petrus
1931 1492 2124 1587 dominici
2139 1533 2195 1588 se-

520 1645 650 1758 pulcri
679 1643 796 1754 prior.
822 1633 1031 1719 Canonicis
1077 1623 1259 1712 eiusdem
1297 1625 1551 1720 mouentibus
1585 1648 1625 1712 st
1663 1631 1904 1746 rogantibus
1932 1631 2056 1742 Quod
2092 1663 2196 1732 ante-

521 1809 687 1870 cessores
716 1777 838 1862 nostri
864 1767 1086 1856 venerande
1113 1768 1305 1852 memorie
1334 1769 1407 1850 viri
1437 1770 1559 1880 gratia
1595 1797 1763 1883 superna
1792 1786 2003 1888 premuniti
2042 1811 2194 1906 nosne,

525 1944 565 2007 et
608 1944 877 2006 successorum
913 1931 1141 1996 nostrorum
1178 1907 1295 1998 saluti
1328 1903 1580 2020 providentes
1617 1915 1770 2028 scriptis
1817 1927 2063 2040 presentibus
2103 1965 2193 2028 con·

519 2062 743 2150 firmamus.
868 2053 871 2078 ²

633 2200 744 2285 Cum
772 2197 934 2282 fratrem
962 2213 1146 2279 nostrum
1173 2188 1357 2276 videlicet
1385 2190 1617 2276 canonicum
1645 2193 1792 2306 quiex
1822 2199 1892 2284 ista
1920 2230 2053 2316 prout
2083 2175 2196 2305 natu.

519 2369 566 2438 ra
594 2339 717 2452 exigit
745 2338 824 2419 vita
853 2331 1060 2418 decesserit
1087 2335 1160 2445 qui
1187 2329 1411 2444 supererint
1438 2325 1577 2412 fratres
1605 2327 1797 2420 tredecim
1824 2335 1970 2428 clericis
1997 2355 2068 2470 qm·
2094 2358 2193 2466 psal.

524 2475 670 2562 teriuni
697 2473 927 2590 singillatim
964 2493 1005 2555 et
1031 2467 1213 2557 distincte
1248 2471 1379 2586 legant
1417 2467 1469 2552 ab
1503 2468 1779 2559 elemosinario
1817 2479 2023 2572 confestim
2060 2499 2197 2583 accitis

525 2645 688 2728 corpore
717 2609 975 2725 postmodum
1003 2614 1078 2696 rite
1107 2607 1388 2695 honorabiliter
1426 2607 1594 2720 sepulto
1639 2641 1710 2724 per
1742 2615 1840 2704 VII
1858 2626 2068 2716 continuos
2106 2629 2189 2720 dies

527 2786 621 2840 eum
649 2781 796 2838 novem
823 2749 1057 2836 lectionibus
1085 2749 1262 2866 vigiliam
1290 2741 1354 2860 (ι)
1380 2764 1423 2828 et
1450 2747 1836 2846 commendationem
1863 2764 2033 2852 missam
2062 2783 2195 2866 sonitu

525 2899 732 3007 signorum
761 2889 995 3006 precedente
1023 2917 1098 3000 pm
1122 2917 1173 2973 eo
1201 2885 1423 2972 comuniter
1447 2881 1714 2986 celebrabunt.
1744 2891 1889 2987 deiude
1917 2930 2043 3020 usqne
2084 2921 2196 3004 trice·

526 3040 676 3121 amum
703 3031 826 3126 diem·
860 3062 983 3150 quem
1011 3031 1137 3117 veluti
1165 3034 1346 3143 primum
1375 3055 1569 3142 magnum
1603 3028 1783 3120 faciendo
1825 3047 2031 3134 seruitium
2066 3055 2194 3147 obser.

523 3176 688 3262 nabunt
716 3173 826 3262 Cum
854 3173 982 3258 tribus
1010 3172 1248 3259 lectionibus
1276 3192 1316 3256 et
1341 3166 1494 3283 absque
1518 3171 1930 3270 commendationibus
1968 3197 2127 3284 missam
2154 3225 2197 3287 et

527 3315 704 3429 vigiliam
733 3316 902 3428 exceptis
932 3311 1145 3397 dominicis
1169 3309 1336 3396 diebus:
1364 3336 1410 3393 ac
1438 3307 1544 3394 sestis
1570 3318 1742 3426 exceptis
1768 3330 2031 3434 equanimiter
2059 3364 2196 3450 postea

527 3451 827 3563 compensandis
856 3455 898 3554 in
927 3471 1125 3539 conventu
1162 3447 1311 3535 cotidie
1353 3447 1627 3552 decantabunt
1656 3453 1913 3576 Quicumque
1955 3493 2087 3560 autem
2110 3483 2181 3565 Sa,

529 3585 667 3678 serdus
695 3587 816 3674 fuerit
843 3590 966 3676 XXX
993 3597 1143 3693 missus·
1165 3593 1342 3677 Diaconi
1370 3621 1466 3679 vero
1491 3617 1534 3682 et
1559 3595 1790 3694 subdiaconi
1818 3625 1886 3696 eut
1899 3613 2063 3708 minoris
2078 3623 2112 3706 si
2130 3624 2187 3707 in,

526 3739 666 3822 tersint
694 3727 844 3816 ordinis
872 3731 1002 3822 decies
1031 3733 1265 3844 psalterium
1293 3731 1477 3842 dixerint,

638 3873 842 3956 Praeterea
870 3867 1110 3967 sacerdotem
1140 3901 1419 3987 utrumquem
1458 3875 1719 3966 honestiorem
1749 3888 1972 3982 invenerint
2009 3881 2080 4015 dui
2108 3931 2195 4017 pre-

523 4013 641 4096 missa
705 4073 1187 4100 ........
1220 4017 1423 4143 missas-ut
1452 4015 1603 4132 vigilias
1617 4020 1771 4107 assidue
1800 4026 1978 4124 decantet
1991 4039 2188 4153 elegerint·

469 4271 472 4278 Ι
528 4153 592 4235 ori
622 4149 864 4263 prebendam
892 4150 953 4267 (a)
982 4182 1195 4257 comunem
1233 4159 1275 4258 in
1321 4155 1528 4247 refectorio
1568 4163 1671 4246 sicut
1721 4169 1814 4279 ipsis
1850 4201 1922 4285 per
1958 4205 2106 4264 annum
2140 4183 2197 4272 in,-

2120 4407 2163 4442 Η

630 4511 689 4612 (ι)
714 4513 854 4614 {sigilla
878 4514 967 4588 idem
989 4529 1083 4607 sonet
1106 4543 1144 4602 ac
1169 4514 1365 4605 hodienum
1389 4534 1602 4607 nocturnum
1626 4509 1717 4632 quot
1732 4533 1884 4615 dicimus.
1917 4541 2203 4630 Commendatio-

527 4671 593 4734 vanes
617 4667 700 4732 vero
723 4644 901 4741 generatim
925 4657 1003 4718 sunt
1026 4671 1167 4745 preces,
1191 4660 1224 4721 ct
1248 4647 1408 4754 orationes
1430 4676 1493 4750 pro
1517 4658 1755 4760 morientibus,
1782 4678 1815 4741 et
1838 4691 1901 4764 pro
1917 4668 2097 4768 destructis3
2117 4707 2200 4784 quas

529 4797 611 4866 nero
635 4771 690 4860 liic
719 4769 1055 4848 Commendationes
1079 4776 1295 4873 significentur
1318 4801 1359 4851 ex
1383 4775 1452 4852 eliis
1474 4804 1572 4881 supra
1596 4785 1705 4863 relatis
1727 4789 1830 4866 lector
1853 4793 2026 4899 intelliget.

635 4900 698 5006 (s)
726 4900 804 4989 lion
829 4913 866 4974 ut
889 4898 989 4990 bodie
1011 4903 1245 5001 praebendae
1269 4906 1473 4990 rotabulum
1497 4913 1746 5015 accipiendum,
1774 4921 1832 5000 sed
1856 4951 1895 5002 ca
1919 4927 2151 5028 significatione
2167 4949 2205 5012 ut
