4820 6604
809 1479 954 1558 Marcius
976 1484 1010 1550 in
1034 1480 1142 1577 prima
1164 1500 1241 1551 cum
1310 1489 1381 1550 arta
1414 1478 1537 1551 diuidit
1568 1480 1612 1552 ad
1646 1482 1723 1554 itm.

811 1574 1061 1650 Marciushabet
1076 1572 1263 1648 diesxxx
1286 1573 1385 1648 ‚luna
1394 1570 1519 1647 XXX.
1530 1571 1707 1648 nonhabet
1727 1569 1824 1648 horas
1837 1569 1918 1644 XII.
1933 1571 2001 1646 dies
2026 1596 2122 1648 vero
2142 1578 2243 1650 XII.

544 1665 608 1734 KL
650 1658 767 1735 Marcii

539 1757 586 1821 VI

538 1845 569 1910 V

535 1935 606 2006 1111

536 2025 586 2096 III

536 2117 570 2184 11

542 2299 621 2366 VIII

535 2389 599 2456 VII

536 2479 587 2544 VI

539 2569 569 2635 V

544 2659 611 2729 IIII

743 1778 800 1822 no.

743 1869 799 1913 no.

742 1959 798 2007 no.

739 2050 797 2094 no.

740 2139 798 2182 no.

741 2204 856 2274 Nonas
1008 2203 1156 2271 Sanctae.
1182 2194 1380 2286 virginum,
1406 2208 1440 2266 et
1462 2223 1544 2270 mar.
1570 2212 1731 2294 perpetue
1753 2215 1787 2270 et
1810 2199 1987 2270 felicitatis.

741 2294 790 2361 id.
1005 2295 1039 2362 S.
1066 2291 1197 2360 Thome
1221 2291 1264 2359 de
1286 2290 1422 2384 Aquino
1445 2291 1519 2361 ord.
1544 2295 1799 2386 predicatorum.
1863 2351 1869 2360 .

741 2384 791 2453 id.
1007 2380 1234 2473 Quadraginta
1264 2393 1358 2452 mart.

742 2473 791 2541 id.

740 2560 790 2632 id.
1742 2563 1858 2633 Claves
1880 2583 1987 2652 pasce.

744 2653 752 2669 '
1010 2657 1163 2748 Gregorii
1186 2655 1257 2726 PP·
1284 2656 1385 2748 δορί.
1411 2651 1505 2746 dupl.
1533 2656 1647 2727 minue.

542 2749 595 2818 111
743 2743 790 2849 j.

542 2841 576 2908 lI

541 3016 642 3090 XVII

536 3109 621 3179 XVI

537 3198 605 3269 XV

535 3287 645 3358 XIIII

537 3377 626 3447 XIII

539 3467 612 3536 XII

536 3735 575 3808 X

538 3824 593 3892 IX

537 3913 619 3982 VIII

467 4005 600 4072 'VII

537 4093 587 4161 VI

540 4184 569 4251 V

388 4343 391 4350 .
542 4273 609 4342 IIII

539 4365 590 4430 III

539 4454 572 4522 11

772 3491 814 3528 a.

538 3557 629 3627 XI.
731 3593 737 3606 ·

1864 2919 1925 2990 Sol
1948 2922 1983 2988 iu
2006 2926 2132 2994 Ariete.

1007 3463 1172 3536 Benedicti
1196 3461 1337 3544 Abelis,
1363 3471 1396 3530 ct
1417 3463 1515 3534 Cous.
1836 3431 1838 3436 Ι
1880 3463 2125 3555 Equinoctium.

1003 3567 1087 3628 Post
1108 3559 1228 3642 festum
1251 3559 1290 3620 S.
1317 3557 1494 3625 Benedicti
1517 3555 1710 3651 ubicumque
1731 3565 1851 3645 quarto
1876 3553 2006 3620 decime
2029 3553 2107 3619 luna
2128 3559 2232 3624 inve·

1048 3654 1138 3720 uitur
1157 3645 1204 3713 ibi
1227 3644 1398 3713 dominica
1418 3650 1572 3740 proxima
1596 3649 1790 3717 resurrectio
1815 3642 1945 3710 domini
1972 3643 2174 3713 celebratur.

1003 3911 1232 3984 denunciaeio
1260 3912 1363 4006 Virg.
1393 3915 1541 4007 gloriose
1564 3917 1673 3985 Μανία
1854 3912 1957 4005 Dupi.
1983 3915 2068 4004 Mai·
2138 4003 2142 4014 .
2289 3906 2294 3914 Ι

904 4539 1011 4614 Prima
1035 4547 1132 4612 nocet
1157 4538 1298 4610 multum
1323 4535 1452 4610 nullum
1477 4538 1572 4613 dabit
1593 4533 1694 4614 altera
1719 4540 1856 4615 cultum.
