4820 6604
1023 462 1153 588 (V)

249 647 401 748 enain,
431 645 503 758 qni
531 640 639 756 apud
669 641 841 728 Graecos
869 637 1096 723 colebantur
1124 634 1255 718 Sancti
1285 632 1327 714 in
1356 625 1594 713 kalendariis
1619 627 1697 712 illis
1716 627 1920 747 leguntur,

258 808 391 869 contra
422 787 585 866 veroin
614 785 764 866 nostris.

197 960 202 967 ·
262 1005 265 1010 ,
322 979 324 984 -
368 920 491 1032 Quod
519 925 553 1005 si
582 926 672 1036 quis
701 919 836 1034 paullo
864 924 1050 1003 attentius
1078 920 1285 1005 Peucetiae
1311 913 1546 1002 Kalendaria
1561 911 1806 1001 considerare
1816 915 1923 1019 relic,

253 1063 518 1149 admirabitur
545 1060 725 1164 fortasse,
754 1056 855 1173 quid
881 1057 986 1144 illud
1015 1063 1093 1164 sit,
1122 1057 1234 1176 quod
1264 1064 1397 1176 plures
1426 1061 1466 1144 in
1496 1057 1642 1170 Apulia
1671 1053 1765 1142 clari
1798 1061 1930 1142 nomi·

249 1213 310 1294 nis
338 1207 468 1288 Sancti
498 1208 632 1288 omissi
661 1205 924 1320 reperiantur,
942 1203 1062 1284 multi
1092 1225 1226 1288 contra
1255 1203 1386 1290 media
1414 1235 1461 1287 ex
1492 1197 1602 1286 Italia
1631 1221 1671 1284 et
1699 1229 1747 1282 ex
1783 1198 1928 1283 ultima

250 1351 366 1432 etiam
388 1393 405 1451 ·,
451 1366 499 1428 ut
546 1349 588 1430 in
624 1345 822 1432 Canusino
874 1344 1001 1430 veluti
1029 1346 1232 1452 advenae,
1268 1350 1309 1430 in
1353 1349 1567 1430 civitatem*
1610 1342 1755 1454 recepti
1801 1335 1932 1452 legan-

248 1509 333 1572 tur:
367 1485 500 1574 Media
545 1519 594 1572 ex
642 1485 759 1568 Italia
803 1482 1010 1597 equidem·
1031 1508 1124 1570 sunt
1166 1485 1422 1570 Constantius
1456 1483 1667 1586 Perusiae,
1693 1479 1928 1566 'Carbonius

254 1625 522 1739 Populoniae,
540 1623 790 1720 Herculanus
819 1628 966 1735 pariter
990 1624 1192 1733 Perusiae,
1220 1626 1387 1712 Severus
1415 1622 1668 1726 Ravennae,
1695 1619 1929 1706 Vincentius

252 1769 487 1886 Mevaniae,
515 1765 751 1881 Fulgentius
776 1763 980 1871 Utriculi,
1008 1765 1272 1854 Geminianus
1300 1764 1497 1868 Mutinae,
1525 1764 1654 1874 Syros
1678 1761 1852 1874 Papiae,
1889 1795 1932 1846 ου

251 1941 365 1996 mnes
395 1909 714 2022 Episcopi31um
743 1923 782 1988 et
810 1903 1009 2022 Benignus
1038 1907 1261 2011 Mevaniae,
1289 1905 1504 2008 Firminus,
1532 1923 1571 1988 et
1598 1899 1859 2018 Olympiades
1878 1901 1930 1986 Α·

248 2054 393 2134 meriae
424 2070 635 2154 martyres3
665 2066 705 2128 et
739 2043 913 2160 denique
942 2042 1087 2162 Sophia
1116 2049 1241 2165 Virgo
1268 2047 1398 2130 Firmi
1426 2050 1468 2130 in
1496 2046 1652 2130 Piceno.
1671 2046 1930 2156 Exsuperio·

250 2167 282 2274 ri
313 2217 407 2279 vero
435 2185 546 2270 Italia
578 2181 860 2274 Prosdocirnus
879 2211 917 2272 et
936 2187 1111 2274 Iustinus
1139 2191 1312 2294 Patavii,
1327 2187 1564 2272 Omobonus
1583 2186 1826 2292 Cremonae,
1845 2185 1932 2270 Ma

248 2332 383 2414 ¹aimus
411 2327 622 2429 Veronae,
650 2325 862 2440 Episcopi,
890 2359 1043 2416 necnon
1072 2330 1294 2416 Alexander
1321 2329 1477 2440 Martyr
1514 2327 1733 2446 Bergomi,
1762 2329 1926 2444 Euphe-

247 2474 358 2573 mia,
386 2468 588 2554 Dorothea
617 2489 656 2552 et
683 2467 896 2576 Erasmus3
925 2491 965 2555 et
994 2468 1168 2586 demque
1191 2463 1444 2576 Ermaco'raS,
1472 2491 1513 2554 et
1540 2471 1787 2556 Fortunatus
1802 2468 1928 2584 Aqui·

248 2609 347 2694 leiae
376 2631 569 2717 martyres
599 2635 758 2689 onmes:
788 2610 898 2694 ethi
927 2616 1117 2724 postremi
1149 2615 1198 2710 in
1233 2610 1432 2696 cantatam
1468 2611 1600 2706 rubris
1639 2610 1926 2696 characteribus

249 2746 449 2860 adscripti.
475 2748 561 2832 Nec
590 2745 962 2860 praetermittendus
991 2749 1230 2838 Fortunatus
1257 2752 1426 2836 Tuderti
1445 2753 1769 2866 Episcopus,qui
1789 2779 1928 2866 quam·

250 2892 311 2973 ris
355 2894 397 2976 iu
440 2889 557 2974 llom.
605 2889 720 2974 Mart
764 2885 815 2972 ad
854 2887 964 2974 diem
1013 2891 1064 3012 14
1107 2893 1289 2978 Octobris
1337 2890 1615 2997 adscribatur,
1652 2897 1695 2980 in
1738 2886 1923 2978 kalendae

235 3044 304 3148 rio
335 3063 469 3126 tamen
494 3029 715 3122 llubastino
731 3045 815 3124 eius
844 3063 989 3117 nomen
1017 3034 1152 3146 pridie
1175 3036 1264 3121 Kal.
1291 3036 1372 3121 tut
1396 3036 1592 3142 scribitur,
1611 3065 1659 3122 eo
1678 3039 1827 3122 scilicet
1855 3030 1934 3138 die,

245 3209 328 3296 quo
352 3173 527 3260 Tuderti
557 3180 730 3260 maxime
757 3179 846 3260 eins
869 3175 1062 3262 celebrata
1090 3180 1283 3264 memoria
1310 3177 1366 3264 ob
1394 3177 1601 3262 liberatam
1638 3205 1661 3258 a
1689 3175 1842 3262 Gothis
1867 3170 1933 3262 Ci-

250 3323 431 3416 vitatem,
461 3333 508 3394 ut
536 3343 584 3396 err
603 3313 738 3398 Emin
766 3314 928 3402 Barorrii
957 3319 1060 3400 notis
1088 3321 1130 3401 in
1158 3317 1279 3400 Mart.
1302 3315 1417 3404 Rom
1448 3319 1635 3433 colligere
1663 3313 1935 3424 ticetQutbus
1965 3419 1969 3430 ι

253 3487 302 3540 ex
332 3456 454 3542 rebus
486 3450 590 3535 illud
617 3470 748 3544 nostra
775 3461 964 3538 sententia
992 3455 1153 3566 probari
1179 3451 1371 3562 videtur,
1402 3477 1491 3542 tum
1519 3485 1614 3542 cunr
1651 3457 1864 3568 superioris
1892 3457 1931 3542 l·

248 3593 371 3702 taliae
400 3597 485 3682 loca
515 3596 634 3680 Emli
663 3597 873 3707 primum,
902 3620 1036 3712 postea
1064 3595 1218 3701 Gothi,
1245 3617 1285 3682 et
1313 3595 1569 3715 Langobardi
1598 3598 1771 3690 demum
1809 3625 1937 3692 vasta·
1976 3621 1978 3626 ’

249 3765 368 3848 runt,
400 3741 596 3853 plurimos
624 3771 673 3826 ex
701 3743 861 3831 illamm
889 3743 1115 3860 Regionum
1142 3739 1279 3825 incolis
1306 3737 1517 3828 meridiem
1544 3771 1682 3830 versus
1710 3749 1926 3864 migrasse,

246 3906 289 3986 ,et
318 3909 467 3998 nostras
498 3892 539 3970 in
567 3885 638 3968 has
664 3883 858 4000 Regiones
882 3885 1040 3996 asylum
1076 3882 1152 3972 sibi
1179 3885 1391 3996 qrraesisse,
1419 3913 1465 3970 ac
1492 3885 1664 4000 proinde
1691 3889 1928 3975 Sanctarum

237 4026 442 4132 illorum,
480 4055 657 4138 quorum
686 4021 795 4137 apud
822 4029 928 4138 ipsos
957 4027 1195 4141 peculiaris,
1237 4029 1486 4144 eximiusque
1514 4028 1648 4116 cultus
1674 4049 1788 4137 erat,
1817 4033 1925 4120 hunc

234 4197 414 4282 ‚quoque
441 4161 550 4277 apud
578 4194 650 4249 nos
678 4168 879 4252 invexisse
907 4167 1121 4274 Ceterum,
1146 4202 1203 4258 ne
1227 4174 1335 4258 nuda
1364 4171 1588 4258 kalendaria
1618 4172 1851 4260 lectoribus
1868 4173 1924 4266 fa·
1954 4157 1957 4162 Ι

122 4370 128 4379 -
235 4308 416 4422 ‚aridium
444 4307 638 4410 lacerent,
656 4337 701 4393 aa
728 4316 831 4399 notis
849 4333 886 4396 et
904 4309 1254 4418 illustrationibus,
1270 4335 1359 4398 tum
1378 4335 1418 4398 et
1445 4311 1711 4430 amplioribus
1725 4340 1932 4406 commen*

236 4451 481 4562 „ranunculis
503 4451 758 4566 augebimus,
786 4487 958 4570 quarum
986 4455 1124 4575 aliqua
1151 4456 1194 4540 in
1220 4453 1244 4540 1
1271 4456 1389 4544 larius
1426 4463 1557 4574 operis
1584 4475 1695 4570 parte
1724 4453 1925 4559 dabimus,

249 4594 335 4682 eliis
363 4598 405 4678 in
433 4591 476 4678 H
504 4600 716 4680 reservatis.
755 4597 908 4722 Operae
935 4601 1055 4682 etiam
1086 4599 1262 4708 pretium
1290 4597 1486 4688 aruimus
1508 4602 1643 4718 aliqua
1681 4621 1818 4684 vetera
1846 4625 1935 4678 mo·

253 4755 440 4818 numenta
468 4731 645 4838 addere,
673 4757 712 4822 et
741 4760 918 4850 excerpta
935 4757 939 4764 '
958 4767 1122 4852 quoque
1150 4755 1190 4818 et
1226 4738 1318 4826 lllss
1347 4739 1604 4844 Missalibus,
1640 4762 1681 4826 et
1719 4739 1934 4826 breviariis

229 4866 443 4996 uulgare,
470 4895 517 4958 ut
545 4907 595 4960 er
622 4878 806 4974 varietate
834 4882 919 4998 ipsa
944 4881 1083 5010 saltem
1115 4881 1298 4998 voluptas
1329 4883 1526 5000 quaedam
1555 4881 1769 5004 lectoribus
1790 4882 1936 4966 veniat.
