4914 6610
989 573 1008 688 t
1041 582 1114 691 ¹47
1148 578 1165 694 l

245 781 274 874 .'
304 752 426 832 simos
455 745 652 832 Dominus
680 741 1046 851 rlrcbidiaoonum,
1085 751 1516 866 Atclripresbyterum,
1555 749 1833 838 Primicerium
1871 749 1923 836 de

255 925 276 966 u
318 889 474 975 Filiolis
487 933 511 996 ·,
550 890 599 974 D.
643 889 837 976 Iacobum
883 886 938 974 de
982 887 1198 994 Culamia,
1242 913 1282 978 et
1330 892 1381 978 D.
1429 889 1620 980 Ioannem
1643 957 1647 966 .
1672 890 1725 978 de
1771 894 1919 997 Pinto,

258 1063 281 1106 u
316 1060 442 1144 quam
491 1031 772 1117 certitudinem
819 1031 1011 1120 baberent
1053 1031 1106 1120 de
1153 1035 1368 1152 ieliquiis,
1421 1065 1524 1152 quae
1571 1037 1614 1119 in
1658 1033 1734 1118 bac
1770 1029 1929 1116 eculeus

256 1203 280 1246 u
308 1191 533 1276 servantur,
561 1191 602 1256 et
629 1177 839 1288 praecipue
876 1170 928 1258 de
955 1171 1093 1288 Capite
1122 1181 1160 1264 S.
1188 1177 1378 1266 Conradi·
1392 1177 1669 1281 contessoris,
1707 1193 1747 1258 et
1773 1175 1817 1258 in
1843 1199 1929 1288 qno

250 1347 274 1389 u
307 1335 486 1426 tempure
513 1319 696 1429 caeptuni
723 1317 845 1402 fuerit
873 1319 1061 1406 celebrari
1090 1325 1175 1406 eius
1206 1320 1371 1426 festum,
1391 1339 1440 1403 et
1467 1347 1552 1434 quo
1582 1314 1649 1400 die
1697 1313 1937 1399 celebretur.

252 1491 285 1532 a·
309 1453 390 1561 Qui
418 1488 569 1566 ontnes,
597 1456 730 1549 delato
758 1466 813 1546 eis
842 1493 912 1575 per
942 1460 1012 1545 ll.m
1053 1469 1302 1568 iuramento,
1344 1457 1634 1578 responderunt
1670 1457 1943 1560 unanimiter,

251 1636 277 1680 a>
309 1597 360 1684 ab
390 1599 698 1686 immemorabili
727 1623 931 1714 tempore,
960 1609 1074 1690 cuius
1103 1636 1175 1690 nec
1202 1609 1277 1719 ipsi
1307 1621 1496 1688 noverant
1524 1603 1714 1704 initium,
1751 1621 1938 1714 neque-a

259 1777 282 1824 n
315 1744 396 1825 suis
434 1739 653 1831 maioribus
680 1739 893 1826 audieruut
921 1741 1155 1830 huiusmodi
1185 1748 1346 1830 initium
1375 1746 1578 1860 cognitum
1608 1740 1753 1844 fuisse,
1783 1763 1940 1850 semper

260 1916 283 1966 >r
317 1879 472 1974 dictum
492 1901 610 1993 capnt
628 1877 673 1969 Β,
691 1877 866 1968 Conradi
885 1880 1003 1972 fuisse
1027 1883 1254 1988 creditum,
1276 1882 1480 1986 habitum,
1505 1901 1545 1966 et
1571 1881 1814 1966 honoratum
1842 1896 1940 1962 tam·

254 2057 279 2106 a»
314 2055 436 2142 quam
458 2033 671 2126 ver-umen
698 2043 849 2108 certum
870 2049 990 2139 caput
1009 2025 1105 2112 dicti
1121 2025 1165 2108 B.
1185 2023 1431 2130 Conradi,et
1445 2027 1498 2109 ita
1530 2051 1596 2108 cos
1611 2017 1807 2106 audivisse
1835 2049 1938 2104 sem·

259 2203 281 2250 n
313 2197 385 2279 per
412 2169 580 2270 namuri,
597 2186 640 2250 et
657 2161 736 2250 clici
757 2197 779 2248 a
798 2169 878 2250 suis
898 2169 1134 2271 maioribus,
1155 2195 1283 2279 neqtm
1302 2195 1480 2278 unquam
1501 2162 1730 2248 dubitatum
1750 2162 1869 2245 fnisse
1887 2157 1940 2244 de

258 2346 281 2394 n
309 2331 382 2413 eo,
398 2328 440 2392 et
453 2307 635 2402 similiter
653 2307 704 2398 ab
723 2307 1031 2396 immemorabili
1048 2329 1256 2420 tempore,
1269 2327 1317 2390 ut
1334 2334 1453 2417 supra
1477 2301 1644 2388 dictum·
1665 2321 1750 2404 est,
1779 2323 1937 2412 semper

258 2473 290 2536 n'
315 2451 437 2536 luisse
461 2449 707 2536 celebratum
725 2452 809 2532 eius
850 2447 998 2533 festum
1013 2513 1025 2554 ,
1042 2470 1085 2533 et
1098 2447 1277 2532 officium
1292 2445 1368 2531 sub
1396 2440 1462 2529 die
1490 2471 1590 2528 nona
1611 2443 1755 2527 mensis
1769 2439 1942 2524 Februa-

260 2609 291 2680 u'
318 2595 445 2697 rii,·et
471 2587 550 2675 fuit
574 2590 774 2682 ‚exhibitus
789 2589 890 2676 liber
920 2590 1085 2674 missalis
1113 2585 1406 2699 manuscriptus
1426 2592 1468 2674 in
1487 2613 1743 2702 pergamena,
1761 2583 1853 2665 satis
1871 2609 1936 2665 an·

262 2761 285 2814 u
317 2734 453 2844 tiqutts
482 2759 600 2843 supra
628 2759 749 2822 anuos
771 2730 987 2848 plusquam
1016 2755 1197 2838 centum,
1216 2753 1261 2815 ut
1282 2733 1524 2847 apparebat,
1553 2733 1592 2816 iu
1622 2757 1705 2840 quo
1734 2741 1844 2808 erant
1873 2718 1941 2806 de·

261 2906 286 2956 n
317 2875 481 2984 scriptae
511 2892 588 2962 tres
603 2873 792 2958 orationes
812 2868 863 2962 de
881 2872 1043 2992 proprio
1062 2902 1135 2985 pro
1154 2885 1271 2965 missa
1286 2875 1385 2961 dicti
1412 2874 1553 2958 Sancti
1574 2870 1632 2956 Et
1650 2861 1809 2952 addidit
1827 2863 1929 2947 D.·¹¹⁸

263 3045 288 3108 rt
321 3013 585 3138 tenuisses
622 3013 821 3106 audivisse
848 3044 890 3098 se
917 3044 940 3099 a
967 3014 1147 3130 quodam
1184 3021 1391 3135 peregrino
1426 3015 1579 3121 siculo,
1609 3012 1681 3128 qui
1722 3036 1763 3092 se
1800 3033 1941 3090 assere·

274 3192 293 3236 r>
326 3157 398 3242 bat
424 3183 505 3248 esse
531 3186 582 3244 ,ex
611 3155 799 3276 religione
828 3155 926 3243 dicti
953 3155 991 3249 S,
1020 3153 1227 3268 Conradi,
1253 3157 1368 3278 quod
1395 3159 1543 3248 festum
1572 3151 1671 3241 dicti
1698 3149 1736 3240 S.
1765 3143 1941 3238 Conradi

260 3327 285 3390 u
319 3303 359 3382 in
386 3296 499 3384 Urbe
518 3296 625 3383 Noto
652 3297 777 3416 Regni
805 3301 957 3392 Siciliae
985 3303 1234 3406 celebratur,
1262 3301 1332 3394 sed
1350 3301 1427 3386 'sub
1457 3299 1522 3386 die
1542 3297 1799 3386 decimanona
1819 3293 1934 3382 Men·

265 3475 289 3522 n
322 3443 373 3522 sis
403 3437 618 3526 Februarii
647 3437 860 3548 Proposnit
888 3439 1042 3526 bonum
1071 3473 1151 3528 esse
1179 3445 1380 3558 inquirere
1399 3441 1451 3536 de
1468 3437 1664 3527 eiusmodi
1673 3439 1859 3541 veritate,
1889 3461 1940 3518 ne

269 3617 291 3658 n
322 3581 426 3664 sorte
441 3601 616 3662 erratum
632 3582 682 3660 sit
701 3581 741 3661 in
761 3575 827 3660 die
845 3579 966 3666 buius
986 3582 1094 3688 lasti,
1112 3577 1273 3690 adhoc,
1294 3603 1341 3666 ut
1357 3586 1480 3699 possit
1499 3580 1642 3666 festum
1664 3581 1740 3664 boc
1759 3571 1939 3658 transser-

261 3753 284 3806 »ι
319 3724 351 3802 ri
370 3723 412 3804 iu
432 3716 914 3812 diaru'dccimumuonnm
946 3719 1178 3829 Februarii,
1203 3725 1237 3808 si
1266 3745 1370 3814 certe
1399 3723 1506 3810 hunc
1535 3739 1687 3810 constet
1716 3717 1784 3802 tali
1806 3713 1872 3799 die
1889 3743 1939 3798 ex

135 3883 141 3892 ·
262 3891 286 3952 n
320 3858 501 3950 humanis
529 3857 766 3962 decessisse,
794 3855 914 3944 etad
943 3859 1040 3944 caeli·
1068 3863 1236 3980 gloriam
1275 3861 1507 3950 translatum
1551 3889 1643 3950 esse.
1672 3858 1787 3942 Dixit
1818 3853 1941 3938 etiam

274 4015 311 4089 n·
330 3996 441 4090 idem
469 3999 571 4097 DJ*
603 4000 950 4121 Archipresbyter‚
980 4020 1021 4085 et
1047 4003 1115 4091 alii
1135 4008 1262 4092 'etiam
1290 4025 1339 4089 ea
1368 4001 1573 4088 canonius
1615 3995 1805 4084 eumdem
1833 4019 1942 4108 pere·

269 4175 292 4228 a
323 4142 485 4258 grinum
514 4144 690 4232 retulisse
718 4175 861 4254 corpus
890 4145 927 4238 S,
956 4142 1131 4230 Conradi
1158 4149 1242 4232 sine
1270 4145 1395 4258 capite
1423 4142 1611 4227 asservari
1639 4143 1681 4222 in
1696 4163 1842 4252 magna
1872 4159 1939 4216 ve·

274 4319 296 4368 a
327 4285 527 4373 neratioue
563 4284 606 4366 in
633 4281 804 4406 praelata
832 4279 1003 4368 Ciuitate
1031 4281 1162 4390 Noto,
1195 4303 1237 4392 et
1271 4281 1429 4374 dictum
1448 4281 1722 4396 'peregrinum
1759 4271 1940 4358 attulisse

271 4459 290 4504 »
324 4425 540 4540 imaginem
596 4419 694 4506 dicti
736 4421 896 4526 Sancti,
931 4443 970 4505 et
1006 4424 1091 4508 eius
1119 4425 1264 4508 vitam·
1286 4423 1409 4508 latino
1452 4441 1634 4506 sermone
1671 4415 1864 4528 scriptam
1897 4445 1941 4510 ε

264 4559 389 4658 Vides
416 4553 603 4688 prudens
620 4562 745 4648 lector
772 4565 1029 4686 peregrinum
1057 4566 1240 4682 ignotum
1266 4563 1473 4654 bominem
1495 4553 1847 4676 Melpblcteusibus
1860 4555 1935 4640 im·

265 4705 463 4816 postesse,
491 4733 542 4790 ue
571 4701 731 4790 fortasse
758 4707 959 4822 integrum
987 4705 1098 4790 Beati
1126 4705 1250 4800 nostri
1267 4730 1412 4816 corpus
1430 4730 1473 4788 se
1489 4699 1638 4786 babere
1655 4695 1937 4792 cabtimarent,

261 4867 307 4938 ,et
334 4846 568 4964 imposuisse
615 4849 733 4932 etiam
761 4844 941 4951 Netinis,
970 4867 1018 4930 ut
1047 4875 1198 4959 corpus·
1228 4847 1382 4959 proprii
1409 4845 1572 4954 Patroni
1597 4849 1682 4950 sine
1724 4836 1853 4945 mpite
1897 4855 1938 4910 ²⁶

279 4983 367 5116 pud
395 5015 462 5071 eos
488 5015 572 5076 ‚esse
600 4981 812 5074 crederent.
840 4985 926 5076 lllec
953 4981 1118 5072 difficile
1145 4979 1188 5066 id
1217 4983 1325 5090 snit;
1355 5005 1580 5134 pcpgratnm
1611 4969 1940 5094 namquentritss·
