4870 6630
1063 567 1212 686 (87)

298 751 419 844 uncti
457 747 620 859 spiritus
649 735 762 858 quod
792 743 856 828 rir
885 733 949 822 dei
979 741 1182 851 acceperat
1200 729 1365 824 audivit
1397 734 1509 854 qued
1528 739 1695 824 minime
1713 739 1891 831 credidit.
1907 747 1989 836 Scri

291 893 393 974 sicut
414 865 523 972 'erat
560 881 772 970 durissime
800 877 1028 994 etperfida.
1056 888 1199 970 mentis
1231 888 1416 968 vir'eum
1445 884 1652 995 explorare
1701 895 1862 973 cetratus
1900 913 1989 978 est...

292 1029 406 1116 Nam·
429 1057 523 1114 cum
552 1023 777 1116 abeodem
808 1024 1022 1110 venerabili
1052 1029 1141 1108 viro
1182 1023 1233 1110 ad
1272 1023 1507 1138 prandium·
1529 1026 1666 1112 suisset
1695 1029 1892 1114 invitatus.
1919 1062 1989 1142 rex

287 1169 338 1258 ed
366 1171 571 1259 dexteram
599 1169 713 1264 illius
748 1165 867 1258 sedit.-
890 1173 1091 1284 puerique
1121 1172 1207 1254 eius
1234 1165 1301 1282 de
1319 1201 1444 1254 manu
1473 1171 1567 1255 bora
1601 1165 1765 1254 bibendi
1788 1173 1986 1286 'pocrduru

288 1315 461 1402 altstrrlit.
485 1311 614 1428 idque
641 1312 729 1398 loco
766 1316 884 1425 pueri
916 1317 1105 1429 episcopo
1133 1309 1306 1428 prebuit.
1334 1308 1446 1424 quod
1476 1313 1609 1396 virum
1641 1307 1706 1395 dei
1731 1318 1905 1401 lniuimc
1935 1317 1988 1400 la·

294 1464 408 1562 tuit.-‚.
437 1457 544 1544 Nam
582 1487 677 1544 eum
715 1488 872 1544 summa
903 1458 1109 1543 velocitate
1145 1454 1296 1567 poculo
1340 1473 1512 1566 accepto·
1536 1459 1624 1571 regi
1648 1459 1711 1539 ait.
1749 1461 1859 1543 vivat
1901 1463 2001 1574 ipsa

296 1625 495 1710 manua„
524 1597 598 1684 llle
627 1595 978 1715 quidemperfide
1007 1603 1191 1716 quamvis
1220 1615 1319 1682 esset
1348 1600 1501 1680 meotis.
1516 1591 1568 1680 ad
1596 1602 1805 1685 veritatem
1839 1599 1986 1690 ductus

293 1739 420 1831 letitia
452 1737 699 1826 sublimatus.
715 1742 950 1829 verecundia
981 1741 1123 1830 faciem
1153 1742 1290 1826 tenuit.
1318 1737 1420 1824 letus
1448 1741 1542 1853 quia
1573 1738 1686 1854 quod
1716 1739 1768 1826 de
1795 1747 1884 1827 viro
1901 1773 1986 1832 sau-

259 1901 356 1998 ·cto
384 1877 562 1968 audierat
595 1885 752 1974 invenit
771 1879 1027 1970 verecundus
1057 1914 1187 1997 quum
1217 1902 1325 1966 tanto
1339 1885 1428 1966 viro
1447 1877 1618 1967 illudere
1637 1890 1971 2002 presumpsisset,⁸

288 2007 384 2108 dec
410 2025 452 2108 in
481 2024 588 2108 illius
616 2025 743 2110 corde
762 2026 996 2139 scrupulum
1022 2023 1284 2110 dubitationis
1312 2045 1557 2108 remanserat
1586 2029 1776 2138 quoniam
1809 2030 1879 2141 qui
1908 2032 1979 2140 pei

281 2161 432 2252 iumen
460 2163 669 2250 oculorum
687 2163 910 2258 decernere
939 2197 1020 2252 nou
1048 2187 1210 2279 potsach
1240 2185 1346 2248 unm
1375 2162 1572 2248 celeritate
1600 2163 1712 2280 quod
1733 2172 1768 2252 ei
1786 2166 1978 2272 illudenti

295 2321 384 2386 arta
411 2301 540 2388 fuerat
567 2304 718 2392 facturn
746 2301 1130 2412 invenissetpUnde
1158 2325 1199 2386 et
1227 2333 1296 2388 rex
1324 2325 1364 2388 et
1392 2308 1465 2420 qui
1493 2309 1693 2418 cumipse
1720 2303 1974 2395 adorantes·

269 2445 448 2552 filerunt
476 2464 631 2530 tantum
660 2448 893 2558 episcopum
921 2477 967 2530 ac
994 2445 1232 2562 prophetam
1247 2475 1418 2531 summa
1446 2453 1693 2534 venaaucne
1711 2449 1855 2536 hahere
1874 2513 1907 2556 ‚p
1927 2447 1976 2536 In

258 2637 259 2640 κ
299 2603 468 2691 uatum,
498 2605 545 2669 ut
573 2591 645 2701 qui
674 2607 798 2674 rotam
825 2587 1002 2702 apuliam
1030 2612 1071 2675 at
1098 2587 1310 2676 calabriam
1338 2589 1419 2672 iam
1447 2583 1735 2702 direptionibus
1751 2589 1973 2677 divasrarat.

294 2730 475 2854 cppscucti
503 2723 569 2813 dei
596 2727 740 2815 famuli
768 2731 915 2820 diocesi
943 2755 1105 2820 cunctos
1132 2757 1226 2819 suos
1252 2733 1607 2842 compesceret'ita.
1634 2750 1682 2814 ut
1700 2727 1836 2816 nullus
1854 2734 1972 2818 mini·
2016 2835 2020 2847 ι

285 2899 369 2960 >rna
399 2869 507 2958 illius
537 2891 586 2954 et
607 2871 765 2958 abieca.
793 2879 1026 2989 contingere
1054 2871 1219 2960 auderet
1233 2939 1267 2980 .,.

415 3013 549 3131 Igitur
577 3035 624 3098 ut
652 3015 795 3100 clarius
823 3015 1055 3122 ostendam,
1092 3046 1187 3101 cum
1228 3015 1413 3102 babuisse
1449 3014 1635 3126 spiritum
1674 3013 1889 3128 prophetie.
1919 3013 1983 3098 rel

301 3133 448 3269 quante
476 3152 614 3238 fuisset
641 3157 800 3240 virtutis
828 3152 880 3239 ad
908 3161 993 3240 eius
1021 3154 1117 3240 dem
1146 3152 1408 3242 archidiaconi
1437 3150 1631 3238 vindemli
1661 3155 1823 3236 nomine
1860 3155 1983 3234 maui-

295 3295 518 3385 festandam
547 3299 761 3410 perniciem
790 3287 974 3381 narrandi
1002 3300 1124 3412 gratia
1152 3296 1337 3382 articulos
1363 3315 1603 3396 vertamus„
1632 3289 1772 3406 Itaque
1800 3317 1892 3374 cum
1924 3285 1984 3372 id-

301 3455 366 3524 em
395 3435 631 3522 venerabilis
674 3459 861 3551 provecte
899 3459 1000 3522 esset
1039 3441 1160 3522 etatis
1188 3433 1365 3552 maligno
1392 3433 1434 3518 hi
1463 3429 1558 3516 dem
1588 3431 1800 3542 prephatus
1829 3431 1983 3544 instiga·
2109 3487 2113 3494 -

300 3597 367 3662 tus
396 3576 580 3688 superbie
608 3574 914 3662 archidiaconus.
943 3598 1075 3662 toturn
1104 3606 1145 3662 se
1173 3597 1306 3662 contra
1335 3575 1566 3686 episcopum
1597 3566 1650 3654 ad
1680 3563 1983 3682 adipiscendum

303 3714 574 3822 episcopatum
602 3714 726 3800 dedit.
754 3747 927 3829 puerum
960 3749 1124 3835 quoque
1151 3722 1224 3834 qui
1253 3713 1478 3800 refectionis
1506 3731 1695 3826 tempore
1711 3712 1895 3822 apisarpo
1914 3735 1984 3818 po-

306 3851 447 3943 culum
477 3845 639 3942 tradere
658 3857 796 3943 solitus
825 3879 918 3944 erat.
947 3865 1160 3946 arcoeaivit.
1187 3884 1364 3970 eumque
1395 3851 1456 3936 his
1486 3849 1618 3934 verbis
1646 3845 1797 3932 diaboli
1836 3873 1905 3928 ore
1933 3842 1987 3925 al·

303 3993 463 4088 locutus
493 4021 551 4087 est
578 3991 725 4086 dicans
751 4002 878 4084 miror
906 3996 1117 4114 quomodo
1146 4028 1252 4113 equo
1281 3997 1414 4080 animo
1443 3989 1633 4076 diuturne
1669 3987 1747 4074 fers
1784 4015 1901 4071 onera
1930 3985 1989 4070 ael

295 4146 370 4230 :tiis
408 4149 440 4230 si
468 4147 549 4228 rita
586 4141 827 4228 discessisset
855 4145 1037 4256 protinus
1073 4139 1300 4226 honoratior
1340 4133 1537 4218 habereris
1566 4189 1598 4234 .,.
1627 4127 1665 4212 0
1693 4131 1725 4212 si
1762 4125 1880 4208 talem
1918 4121 1984 4206 ha·

302 4283 451 4372 buisscs
481 4284 713 4395 episcopum
743 4285 816 4398 qui
845 4285 1093 4396 episcopatus
1119 4281 1182 4364 sui
1212 4280 1402 4360 terminos
1430 4269 1549 4358 celeri
1593 4295 1756 4380 corpore
1785 4285 1988 4376 oportuno

301 4447 482 4538 ternpore
511 4426 669 4508 visitare
696 4426 929 4535 potuisset7·
971 4420 1038 4507 ad
1065 4422 1138 4508 hec
1175 4415 1296 4502 verba
1324 4411 1492 4529 puerilia
1521 4403 1640 4492 corda
1670 4423 1851 4518 ceperunt
1881 4400 1982 4486 urol-

300 4565 479 4669 tessera,
507 4584 546 4647 et
573 4559 835 4648 archidiaconi
863 4561 1040 4678 maligno
1077 4559 1241 4648 consilio
1277 4551 1441 4642 obedire
1469 4555 1669 4636 inlautum
1704 4569 1751 4632 ut
1779 4567 1978 4630 veretrum

307 4734 331 4786 a·
356 4703 561 4789 vindemio
588 4704 665 4790 sibi
693 4694 886 4787 rradiruin
916 4704 1011 4784 vino
1039 4703 1215 4786 miscere
1244 4715 1283 4778 et
1311 4691 1363 4780 ad
1392 4685 1614 4778 bibendum
1640 4687 1828 4800 episcopo
1850 4675 1984 4792 prelat-

304 4875 348 4929 re
365 4907 397 4949 ,Υ
425 4847 530 4932 Nam
557 4879 651 4936 curn
680 4840 885 4932 reficiendi
913 4842 1011 4926 hora
1040 4857 1231 4954 perventa
1259 4821 1404 4918 lirisset
1433 4859 1531 4942 parer
1561 4823 1612 4912 de
1630 4855 1744 4910 nrorc
1784 4811 1978 4930 poculum

304 5015 457 5080 terrem
485 4989 729 5078 maculatum
757 4989 943 5100 episeopo
970 4985 1079 5068 uuus
1105 4999 1165 5066 cst
1193 4972 1347 5064 uadem
1375 5033 1408 5078 a
1436 4969 1517 5056 Cui
1544 4968 1761 5078 episcopas.
1802 4949 1895 5036 bibo
1925 4951 1982 5034 iu·
