4914 6610
1091 569 1108 686 (
1145 572 1213 656 tlt
1250 575 1266 690 )

271 805 274 810 ¹
326 727 366 794 et
400 707 495 794 iude
530 713 615 798 eius
643 715 805 800 exuvias
834 711 1100 825 lllelpliictum
1128 714 1357 822 translatas,
1387 741 1526 807 marat
1555 719 1645 830 Qua
1676 728 1717 810 in
1744 739 1804 813 'ie
1833 727 2010 846 Scriptor
2123 759 2192 808 κ’

330 857 659 974 diligentissimus
687 887 767 942 nou
797 854 1141 968 blelplticteusium
1172 841 1484 966 tautummodo,
1512 859 1583 948 sed
1616 883 1656 950 et
1687 865 2011 958 Meduuieusinm

329 996 583 1084 traditionem
613 998 820 1112 amplexus
848 1019 916 1084 esta
945 997 1084 1082 Exstat
1113 1026 1274 1110 nempe,
1303 1033 1427 1116 quam
1457 1003 1659 1112 diximus,
1681 1007 1841 1123 crypta
1869 1009 2007 1127 (eam.

320 1168 412 1253 que
451 1161 491 1226 et
518 1139 622 1224 olitn
652 1169 724 1224 nos
763 1140 1047 1260 visitavimus)
1076 1143 1169 1226 Deo
1201 1145 1349 1232 deiude
1387 1145 1513 1234 dIcata
1561 1151 1738 1237 Ecclesia
1780 1157 1942 1240 nomine
1970 1157 2010 1240 S.

330 1282 477 1368 lllariae
508 1279 771 1385 Gratiarum,
800 1303 840 1366 et
869 1283 1059 1370 Abbatiae
1087 1289 1206 1372 titulo
1234 1313 1390 1394 ornata,
1419 1315 1460 1376 et
1502 1291 1697 1380 reditibus
1725 1300 1847 1382 mam
1874 1319 2001 1384 aucta.

195 1491 210 1502 .
320 1423 393 1510 ,lbi
423 1419 468 1510 Β.
497 1419 647 1510 Virum
677 1445 829 1509 sauctae
859 1427 961 1510 vitae
991 1431 1208 1537 postretms
1237 1434 1380 1516 vixisse
1408 1432 1515 1538 dies,
1544 1435 1682 1550 ibique
1717 1438 1874 1524 beatam
1912 1446 1995 1526 ani·

329 1595 441 1650 tuam
458 1567 560 1652 ,Deo
590 1562 795 1650 tradidisse
822 1569 904 1650 suis
931 1597 954 1650 a
984 1568 1200 1656 maioribus
1229 1571 1423 1658 traditum
1452 1572 1728 1662 Mednuienses
1747 1609 1912 1692 quoque
1941 1585 2000 1696 ip-

323 1711 358 1798 si
386 1701 614 1792 adfirmant.
643 1703 754 1813 Quin
791 1727 831 1790 et
870 1703 975 1792 illud
1015 1705 1057 1792 bi
1084 1705 1275 1818 addunt,
1310 1736 1435 1820 tuuc,
1474 1747 1568 1800 cum
1596 1749 1619 1802 a
1648 1717 2001 1831 Melpbictensibus

323 1849 370 1934 R
400 1876 551 1960 corpus
580 1844 896 1960 ttamferebatur‚
911 1851 1020 1960 piam
1036 1851 1269 1963 quamdam
1290 1853 1594 1942 Illeduniensem
1613 1857 1804 1942 ferniuam
1827 1856 2005 1976 digitum

326 2003 409 2083 eius
429 1990 541 2084 ‘clam
571 1995 834 2103 surripuisse,
865 2009 906 2076 et
934 1989 1041 2076 ltunc
1070 1993 1174 2077 inter
1200 1997 1370 2109 imignes
1397 2000 1483 2082 eius
1512 1998 1699 2112 reliquias
1717 1998 1850 2085 adhuc
1867 2025 1996 2088 serva·

325 2148 370 2247 ri,
399 2165 445 2224 ut
474 2136 575 2222 datis
606 2133 658 2220 ad
692 2165 763 2220 nos
787 2136 933 2220 litteris
962 2137 1015 2220 ab
1042 2143 1201 2253 egregio
1229 2139 1318 2221 viro
1338 2137 1552 2222 Domittico
1570 2137 1796 2222 Trentadue
1816 2142 1900 2252 eius
1919 2139 1996 2224 Ec·

327 2284 465 2368 clasiae
496 2275 849 2388 Arcltipresbytero
879 2275 1118 2387 recepimus

448 2423 541 2509 Nou
570 2417 834 2504 diffitebimur
863 2416 1050 2533 equidem
1080 2420 1320 2506 variantibus
1349 2451 1372 2506 e
1401 2419 1660 2522 lectionibus,
1689 2415 1907 2532 dequibus
1935 2447 1998 2502 su·-

330 2544 414 2678 pra,
443 2591 556 2676 posse
583 2560 759 2675 aliquem
788 2557 996 2666 dubitare,
1025 2582 1166 2645 utrum
1193 2557 1384 2665 barium,
1413 2561 1484 2644 ubi
1513 2560 1550 2642 S.
1579 2559 1733 2644 Nicolai
1763 2587 1909 2669 corpus
1938 2589 1997 2642 re·-

327 2706 525 2819 quiescit,
554 2730 646 2784 vere
674 2699 722 2781 B.
749 2722 880 2784 noster
908 2700 1126 2814 appulerit,
1155 2729 1206 2786 att
1234 2704 1367 2815 potius
1395 2701 1608 2802 Pataram,
1637 2697 1807 2782 namlem
1846 2697 1997 2782 scilicet

323 2846 457 2928 Sancti
486 2841 654 2946 locum,
683 2864 723 2924 et
751 2840 863 2924 illinc
892 2838 1247 2955 Melpbictensibus
1274 2869 1297 2924 a
1325 2839 1633 2958 Navigatoribus
1652 2837 1669 2934 l
1678 2843 1751 2954 qui
1770 2859 1875 2924 certe
1893 2859 1990 2926 tunc

327 2985 516 3095 temporis
548 2979 735 3064 Graeciae
762 2977 878 3061 litora
908 2984 1135 3066 commercii
1163 3011 1295 3069 caussa
1332 2979 1686 3097 frequentabant),
1714 2986 1800 3066 eius
1821 3003 1994 3065 transve-

302 3150 407 3245 nctas
439 3121 656 3238 reliquias,
686 3117 934 3208 Baniensium
962 3095 1174 3235 ipsorum,
1202 3145 1243 3209 et
1270 3124 1647 3238 Amalpbitanorum
1684 3123 1896 3236 example,
1924 3124 2000 3238 qu'i

334 3300 357 3352 e
385 3271 551 3354 Graecia
580 3269 638 3353 Ss
667 3270 848 3370 Nicolai,
869 3290 909 3352 et
937 3265 1120 3354 Andreae
1148 3297 1312 3382 corpora
1326 3264 1753 3352 tramvexeruntGum
1770 3295 1868 3350 vero
1887 3264 2000 3351 nulle

338 3441 498 3524 prorsus
525 3431 611 3496 tuta
639 3433 898 3496 monumenta
929 3430 1110 3515 exstent,
1139 3437 1243 3527 quac
1269 3407 1346 3492 boc
1374 3405 1567 3491 ultimum
1594 3406 1746 3493 factttm
1774 3427 1997 3512 testentur,

330 3556 541 3665 sapientius
568 3550 882 3667 prudentiusque
911 3557 985 3637 erit
1023 3552 1278 3639 traditionem
1305 3531 1504 3633 maiorum
1532 3552 1676 3665 sequi,
1719 3579 1843 3664 quam
1886 3546 2007 3636 nudis

332 3701 447 3784 inniti
475 3698 718 3782 coniecturis.
748 3692 962 3809 Quidquid
990 3723 1087 3780 vero
1114 3693 1187 3779 hac
1214 3687 1267 3775 de
1295 3719 1337 3774 re
1365 3694 1447 3796 sit,
1476 3688 1583 3774 illud
1612 3710 1787 3794 certum,
1815 3686 1996 3800 explora·
2083 3763 2092 3776 .

331 3860 500 3954 tumque
528 3837 613 3938 erit,
632 3833 802 3918 Beatum
833 3855 1014 3918 nostrum
1043 3863 1123 3919 nou
1152 3829 1366 3936 Netinum,
1395 3861 1465 3916 seu
1493 3830 1769 3946 I'laoentinum
1795 3857 1897 3934 esse,
1925 3828 2000 3942 qui

333 3971 482 4060 tardius
511 3971 644 4058 multo
672 3973 840 4078 floruit,
868 3971 939 4058 sed
967 3973 1166 4058 bavarum
1196 4006 1244 4059 ex
1273 3970 1755 4087 GuelpboAthestiorum
1797 3969 1989 4056 nobilissi-

331 4148 397 4202 ma
425 4137 559 4200 ortum
576 4137 704 4233 geute,
724 4135 764 4201 et
791 4114 909 4198 buius
937 4118 1020 4200 sive
1048 4135 1178 4230 caput,
1197 4119 1280 4202 sive
1309 4118 1427 4199 etiam
1456 4118 1657 4230 integrum
1676 4141 1819 4226 corpus
1838 4141 1919 4199 nou
1943 4140 2000 4196 st-

331 4288 382 4366 ne
410 4257 579 4342 eSicilia
609 4251 849 4362 advectum3
878 4285 1031 4340 necnon
1059 4276 1098 4340 et
1125 4255 1234 4342 hunc
1263 4255 1455 4370 peculiari
1485 4253 1751 4368 sollemnique
1779 4255 1860 4338 ritu
1884 4249 1949 4335 vel
1977 4281 2000 4334 a

319 4397 419 4480 'IIII
447 4419 515 4481 ortt
545 4397 684 4481 saltem
712 4397 818 4481 XIII
846 4400 1003 4484 saeculo
1030 4398 1236 4512 Melplricti
1275 4397 1432 4482 cultum
1471 4396 1603 4480 fuisse.
1632 4393 1765 4508 Caput
1803 4392 2002 4494 diximus,

301 4623 310 4638 ,
339 4535 403 4622 vel
421 4540 621 4656 integrum
632 4565 774 4648 corpus
792 4533 844 4619 ad
863 4527 1126 4622 cavillationes
1142 4535 1343 4622 tollendas
1362 4534 1552 4622 Ceterum
1571 4564 1615 4619 ea
1634 4556 1770 4621 nostro
1783 4531 1895 4621 sedet
1912 4539 1994 4620 ani·

324 4703 398 4760 mo
411 4679 612 4782 sententia,
628 4680 795 4792 integras
811 4676 1222 4790 BavatiMelpbictum
1239 4673 1438 4761 tramlatas
1458 4675 1588 4782 fuisse,
1606 4699 1762 4762 etuunc
1775 4679 1895 4760 etiam
1924 4703 2002 4757 ser-

331 4822 416 4903 vari
444 4816 638 4935 reliquias
667 4817 809 4934 Neque
838 4823 945 4904 euim
973 4824 1070 4904 satis
1100 4815 1266 4934 intelligi
1295 4819 1464 4931 poterit,
1478 4812 1660 4903 eiusdem
1676 4807 1997 4901 Transtzu‘onem

328 4983 375 5046 tat
402 4966 443 5047 in
473 4979 620 5070 nostro,
649 4957 763 5077 quod
791 4961 1045 5048 exhibuimus
1074 4954 1244 5047 Kalend.
1277 4957 1309 5042 I.
1334 4956 1491 5077 legitur,
1521 4953 1633 5042 nullo
1652 4950 1820 5057 adiecto,
1835 4947 2003 5036 celebra·
