<?xml version="1.0" encoding="UTF-8"?>
<!DOCTYPE html PUBLIC "-//W3C//DTD XHTML 1.0 Transitional//EN"
    "http://www.w3.org/TR/xhtml1/DTD/xhtml1-transitional.dtd">
<html xmlns="http://www.w3.org/1999/xhtml" xml:lang="en" lang="en">
 <head>
  <title>
</title>
<meta http-equiv="Content-Type" content="text/html;charset=utf-8" />
  <meta name='ocr-system' content='tesseract 3.04.00' />
  <meta name='ocr-capabilities' content='ocr_page ocr_carea ocr_par ocr_line ocrx_word'/>
</head>
<body>
  <div class='ocr_page' id='page_1' title='image "./kalendariaveter00giovgoog_0279.png"; bbox 0 0 4914 6610; ppageno 0'>
   <div class='ocr_carea' id='block_1_1' title="bbox 1279 561 1455 682">
    <p class='ocr_par' dir='ltr' id='par_1_1' title="bbox 1279 561 1455 682">
     <span class='ocr_line' id='line_1_1' title="bbox 1279 561 1455 682; baseline -0.011 0"><span class='ocrx_word' id='word_1_1' title='bbox 1279 561 1455 682; x_wconf 74' lang='lat'>(1⁵⁶)</span> 
     </span>
    </p>
   </div>
   <div class='ocr_carea' id='block_1_2' title="bbox 500 726 2194 5052">
    <p class='ocr_par' dir='ltr' id='par_1_2' title="bbox 500 726 2194 5052">
     <span class='ocr_line' id='line_1_2' title="bbox 522 726 2193 847; baseline -0.01 -19"><span class='ocrx_word' id='word_1_2' title='bbox 522 747 604 830; x_wconf 89' lang='lat' dir='ltr'><strong>boc</strong></span> <span class='ocrx_word' id='word_1_3' title='bbox 631 761 699 826; x_wconf 85' lang='lat' dir='ltr'><strong>aut</strong></span> <span class='ocrx_word' id='word_1_4' title='bbox 728 739 902 824; x_wconf 84' lang='lat' dir='ltr'><strong>falsitatis</strong></span> <span class='ocrx_word' id='word_1_5' title='bbox 930 733 1125 822; x_wconf 85' lang='lat' dir='ltr'><strong>Actorum</strong></span> <span class='ocrx_word' id='word_1_6' title='bbox 1152 733 1322 847; x_wconf 76' lang='lat' dir='ltr'><strong>scriptor</strong></span> <span class='ocrx_word' id='word_1_7' title='bbox 1350 726 1641 816; x_wconf 81' lang='lat' dir='ltr'><strong>insimulandus</strong></span> <span class='ocrx_word' id='word_1_8' title='bbox 1669 749 1776 816; x_wconf 87' lang='lat' dir='ltr'><strong>esset</strong></span> <span class='ocrx_word' id='word_1_9' title='bbox 1804 731 1904 815; x_wconf 89' lang='lat' dir='ltr'><strong>Sane</strong></span> <span class='ocrx_word' id='word_1_10' title='bbox 1925 731 1965 814; x_wconf 93' lang='lat' dir='ltr'><strong>in</strong></span> <span class='ocrx_word' id='word_1_11' title='bbox 1985 727 2193 816; x_wconf 83' lang='lat' dir='ltr'><strong>Itinerario</strong></span> 
     </span>
     <span class='ocr_line' id='line_1_3' title="bbox 529 868 2194 996; baseline -0.009 -30"><span class='ocrx_word' id='word_1_12' title='bbox 529 879 743 996; x_wconf 83' lang='lat' dir='ltr'><strong>Burdigala</strong></span> <span class='ocrx_word' id='word_1_13' title='bbox 772 875 1093 978; x_wconf 88' lang='lat' dir='ltr'><strong>Hierusalem,et</strong></span> <span class='ocrx_word' id='word_1_14' title='bbox 1111 869 1206 959; x_wconf 89' lang='lat' dir='ltr'><strong>inde</strong></span> <span class='ocrx_word' id='word_1_15' title='bbox 1233 901 1306 986; x_wconf 89' lang='lat' dir='ltr'><strong>per</strong></span> <span class='ocrx_word' id='word_1_16' title='bbox 1334 893 1483 958; x_wconf 87' lang='lat' dir='ltr'><strong>nostras</strong></span> <span class='ocrx_word' id='word_1_17' title='bbox 1512 870 1580 956; x_wconf 88' lang='lat' dir='ltr'><strong>bas</strong></span> <span class='ocrx_word' id='word_1_18' title='bbox 1608 875 1785 990; x_wconf 81' lang='lat' dir='ltr'><strong>regiones</strong></span> <span class='ocrx_word' id='word_1_19' title='bbox 1800 868 2090 972; x_wconf 77' lang='lat' dir='ltr'><strong>Mediolanum,</strong></span> <span class='ocrx_word' id='word_1_20' title='bbox 2103 891 2194 982; x_wconf 85' lang='lat' dir='ltr'><strong>post</strong></span> 
     </span>
     <span class='ocr_line' id='line_1_4' title="bbox 527 1006 2190 1131; baseline -0.009 -25"><span class='ocrx_word' id='word_1_21' title='bbox 527 1024 722 1122; x_wconf 76' lang='lat' dir='ltr'><strong>Barium,</strong></span> <span class='ocrx_word' id='word_1_22' title='bbox 753 1019 996 1131; x_wconf 82' lang='lat' dir='ltr'><strong>Bytoatnm,</strong></span> <span class='ocrx_word' id='word_1_23' title='bbox 1014 1015 1170 1118; x_wconf 83' lang='lat' dir='ltr'><strong>Rubos,</strong></span> <span class='ocrx_word' id='word_1_24' title='bbox 1194 1015 1427 1116; x_wconf 71' lang='lat' dir='ltr'><strong>canotum,</strong></span> <span class='ocrx_word' id='word_1_25' title='bbox 1449 1009 1723 1117; x_wconf 80' lang='lat' dir='ltr'><strong>Herdonium,</strong></span> <span class='ocrx_word' id='word_1_26' title='bbox 1738 1006 2026 1123; x_wconf 64' lang='lat' dir='ltr'><strong>Amannunc</strong></span> <span class='ocrx_word' id='word_1_27' title='bbox 2046 1007 2190 1122; x_wconf 84' lang='lat' dir='ltr'><strong>Troia)</strong></span> 
     </span>
     <span class='ocr_line' id='line_1_5' title="bbox 523 1147 2194 1272; baseline -0.003 -30"><span class='ocrx_word' id='word_1_28' title='bbox 523 1157 570 1242; x_wconf 58' lang='lat' dir='ltr'><strong>et&#39;</strong></span> <span class='ocrx_word' id='word_1_29' title='bbox 593 1156 803 1272; x_wconf 79' lang='lat' dir='ltr'><strong>Aquilonis</strong></span> <span class='ocrx_word' id='word_1_30' title='bbox 845 1155 1103 1264; x_wconf 69' lang='lat' dir='ltr'><strong>mutationem</strong></span> <span class='ocrx_word' id='word_1_31' title='bbox 1140 1147 1303 1237; x_wconf 87' lang='lat' dir='ltr'><strong>additur</strong></span> <span class='ocrx_word' id='word_1_32' title='bbox 1332 1151 1453 1237; x_wconf 78' lang='lat' dir='ltr'><strong>Finis</strong></span> <span class='ocrx_word' id='word_1_33' title='bbox 1482 1151 1652 1266; x_wconf 76' lang='lat' dir='ltr'><strong>Apuliae</strong></span> <span class='ocrx_word' id='word_1_34' title='bbox 1689 1170 1728 1238; x_wconf 89' lang='lat' dir='ltr'><strong>et</strong></span> <span class='ocrx_word' id='word_1_35' title='bbox 1760 1156 2027 1268; x_wconf 82' lang='lat' dir='ltr'><strong>Campaniae.</strong></span> <span class='ocrx_word' id='word_1_36' title='bbox 2055 1154 2194 1238; x_wconf 82' lang='lat' dir='ltr'><strong>saecu·</strong></span> 
     </span>
     <span class='ocr_line' id='line_1_6' title="bbox 522 1288 2190 1410; baseline -0.004 -30"><span class='ocrx_word' id='word_1_37' title='bbox 522 1296 563 1381; x_wconf 92' lang='lat' dir='ltr'><strong>lo</strong></span> <span class='ocrx_word' id='word_1_38' title='bbox 608 1300 728 1410; x_wconf 84' lang='lat' dir='ltr'><strong>igitur</strong></span> <span class='ocrx_word' id='word_1_39' title='bbox 766 1292 927 1377; x_wconf 84' lang='lat' dir='ltr'><strong>sortasse</strong></span> <span class='ocrx_word' id='word_1_40' title='bbox 955 1289 1047 1395; x_wconf 93' lang='lat' dir='ltr'><strong>IV,</strong></span> <span class='ocrx_word' id='word_1_41' title='bbox 1083 1289 1247 1406; x_wconf 90' lang='lat' dir='ltr'><strong>quando</strong></span> <span class='ocrx_word' id='word_1_42' title='bbox 1288 1293 1483 1403; x_wconf 84' lang='lat' dir='ltr'><strong>scriptum</strong></span> <span class='ocrx_word' id='word_1_43' title='bbox 1511 1288 1765 1377; x_wconf 88' lang='lat' dir='ltr'><strong>Itinerarium</strong></span> <span class='ocrx_word' id='word_1_44' title='bbox 1804 1291 1922 1376; x_wconf 92' lang='lat' dir='ltr'><strong>illud·</strong></span> <span class='ocrx_word' id='word_1_45' title='bbox 1951 1291 2057 1395; x_wconf 84' lang='lat' dir='ltr'><strong>fuit,</strong></span> <span class='ocrx_word' id='word_1_46' title='bbox 2092 1295 2190 1376; x_wconf 87' lang='lat' dir='ltr'><strong>ooci·</strong></span> 
     </span>
     <span class='ocr_line' id='line_1_7' title="bbox 520 1428 2187 1546; baseline -0.005 -26"><span class='ocrx_word' id='word_1_47' title='bbox 520 1436 687 1522; x_wconf 90' lang='lat' dir='ltr'><strong>dentalis</strong></span> <span class='ocrx_word' id='word_1_48' title='bbox 716 1436 894 1518; x_wconf 88' lang='lat' dir='ltr'><strong>Dauniae</strong></span> <span class='ocrx_word' id='word_1_49' title='bbox 922 1459 1039 1546; x_wconf 88' lang='lat' dir='ltr'><strong>pars,</strong></span> <span class='ocrx_word' id='word_1_50' title='bbox 1067 1431 1138 1517; x_wconf 93' lang='lat' dir='ltr'><strong>ubi</strong></span> <span class='ocrx_word' id='word_1_51' title='bbox 1166 1432 1383 1543; x_wconf 86' lang='lat' dir='ltr'><strong>Sipontum</strong></span> <span class='ocrx_word' id='word_1_52' title='bbox 1410 1431 1547 1534; x_wconf 90' lang='lat' dir='ltr'><strong>situm,</strong></span> <span class='ocrx_word' id='word_1_53' title='bbox 1567 1428 1805 1544; x_wconf 86' lang='lat' dir='ltr'><strong>Campaniae</strong></span> <span class='ocrx_word' id='word_1_54' title='bbox 1832 1461 1979 1516; x_wconf 89' lang='lat' dir='ltr'><strong>nomen</strong></span> <span class='ocrx_word' id='word_1_55' title='bbox 1996 1436 2128 1514; x_wconf 84' lang='lat' dir='ltr'><strong>sortita</strong></span> <span class='ocrx_word' id='word_1_56' title='bbox 2148 1462 2187 1512; x_wconf 87' lang='lat' dir='ltr'><strong>e·</strong></span> 
     </span>
     <span class='ocr_line' id='line_1_8' title="bbox 516 1565 2182 1689; baseline -0.005 -25"><span class='ocrx_word' id='word_1_57' title='bbox 516 1605 585 1664; x_wconf 90' lang='lat' dir='ltr'><strong>rat.</strong></span> <span class='ocrx_word' id='word_1_58' title='bbox 615 1575 735 1688; x_wconf 88' lang='lat' dir='ltr'><strong>Quod</strong></span> <span class='ocrx_word' id='word_1_59' title='bbox 763 1580 796 1658; x_wconf 89' lang='lat' dir='ltr'><strong>si</strong></span> <span class='ocrx_word' id='word_1_60' title='bbox 825 1577 919 1660; x_wconf 90' lang='lat' dir='ltr'><strong>baec</strong></span> <span class='ocrx_word' id='word_1_61' title='bbox 947 1574 1097 1658; x_wconf 88' lang='lat' dir='ltr'><strong>locutio</strong></span> <span class='ocrx_word' id='word_1_62' title='bbox 1124 1577 1168 1656; x_wconf 88' lang='lat' dir='ltr'><strong>in</strong></span> <span class='ocrx_word' id='word_1_63' title='bbox 1183 1571 1347 1689; x_wconf 80' lang='lat' dir='ltr'><strong>finibus</strong></span> <span class='ocrx_word' id='word_1_64' title='bbox 1373 1565 1611 1680; x_wconf 88' lang='lat' dir='ltr'><strong>Campaniae</strong></span> <span class='ocrx_word' id='word_1_65' title='bbox 1640 1599 1720 1656; x_wconf 88' lang='lat' dir='ltr'><strong>uon</strong></span> <span class='ocrx_word' id='word_1_66' title='bbox 1737 1594 1786 1656; x_wconf 90' lang='lat' dir='ltr'><strong>ut</strong></span> <span class='ocrx_word' id='word_1_67' title='bbox 1795 1576 1844 1656; x_wconf 84' lang='lat' dir='ltr'><strong>in</strong></span> <span class='ocrx_word' id='word_1_68' title='bbox 1857 1571 2040 1684; x_wconf 77' lang='lat' dir='ltr'><strong>pambus</strong></span> <span class='ocrx_word' id='word_1_69' title='bbox 2065 1573 2182 1656; x_wconf 89' lang='lat' dir='ltr'><strong>Cam·</strong></span> 
     </span>
     <span class='ocr_line' id='line_1_9' title="bbox 512 1707 2183 1834; baseline -0.005 -32"><span class='ocrx_word' id='word_1_70' title='bbox 512 1725 675 1834; x_wconf 82' lang='lat' dir='ltr'><strong>pam&#39;ae,</strong></span> <span class='ocrx_word' id='word_1_71' title='bbox 704 1713 774 1800; x_wconf 82' lang='lat' dir='ltr'><strong>sed</strong></span> <span class='ocrx_word' id='word_1_72' title='bbox 791 1735 837 1796; x_wconf 90' lang='lat' dir='ltr'><strong>ut</strong></span> <span class='ocrx_word' id='word_1_73' title='bbox 866 1719 910 1796; x_wconf 89' lang='lat' dir='ltr'><strong>in</strong></span> <span class='ocrx_word' id='word_1_74' title='bbox 939 1711 1110 1828; x_wconf 86' lang='lat' dir='ltr'><strong>confinio</strong></span> <span class='ocrx_word' id='word_1_75' title='bbox 1138 1714 1371 1825; x_wconf 77' lang='lat' dir='ltr'><strong>accipiatur,</strong></span> <span class='ocrx_word' id='word_1_76' title='bbox 1400 1709 1544 1792; x_wconf 89' lang='lat' dir='ltr'><strong>merito</strong></span> <span class='ocrx_word' id='word_1_77' title='bbox 1572 1709 1785 1824; x_wconf 89' lang='lat' dir='ltr'><strong>Sipontum</strong></span> <span class='ocrx_word' id='word_1_78' title='bbox 1804 1713 1846 1796; x_wconf 92' lang='lat' dir='ltr'><strong>in</strong></span> <span class='ocrx_word' id='word_1_79' title='bbox 1874 1711 2112 1824; x_wconf 85' lang='lat' dir='ltr'><strong>Campaniae</strong></span> <span class='ocrx_word' id='word_1_80' title='bbox 2139 1707 2183 1794; x_wconf 94' lang='lat' dir='ltr'><strong>fi·</strong></span> 
     </span>
     <span class='ocr_line' id='line_1_10' title="bbox 510 1847 2182 1967; baseline -0.005 -27"><span class='ocrx_word' id='word_1_81' title='bbox 510 1857 634 1940; x_wconf 88' lang='lat' dir='ltr'><strong>nibus</strong></span> <span class='ocrx_word' id='word_1_82' title='bbox 662 1857 785 1937; x_wconf 89' lang='lat' dir='ltr'><strong>situm</strong></span> <span class='ocrx_word' id='word_1_83' title='bbox 822 1851 903 1936; x_wconf 91' lang='lat' dir='ltr'><strong>dici</strong></span> <span class='ocrx_word' id='word_1_84' title='bbox 931 1872 1119 1964; x_wconf 90' lang='lat' dir='ltr'><strong>poterat,</strong></span> <span class='ocrx_word' id='word_1_85' title='bbox 1165 1879 1260 1934; x_wconf 89' lang='lat' dir='ltr'><strong>cum</strong></span> <span class='ocrx_word' id='word_1_86' title='bbox 1297 1869 1448 1936; x_wconf 87' lang='lat' dir='ltr'><strong>constet</strong></span> <span class='ocrx_word' id='word_1_87' title='bbox 1474 1847 1733 1964; x_wconf 85' lang='lat' dir='ltr'><strong>Campaniam</strong></span> <span class='ocrx_word' id='word_1_88' title='bbox 1770 1849 2028 1965; x_wconf 89' lang='lat' dir='ltr'><strong>aliquamdiu·</strong></span> <span class='ocrx_word' id='word_1_89' title='bbox 2057 1881 2182 1967; x_wconf 88' lang='lat' dir='ltr'><strong>usque</strong></span> 
     </span>
     <span class='ocr_line' id='line_1_11' title="bbox 518 1989 2183 2108; baseline -0.001 -30"><span class='ocrx_word' id='word_1_90' title='bbox 518 1993 570 2078; x_wconf 88' lang='lat' dir='ltr'><strong>ad</strong></span> <span class='ocrx_word' id='word_1_91' title='bbox 599 1993 770 2107; x_wconf 80' lang='lat' dir='ltr'><strong>Apuliae</strong></span> <span class='ocrx_word' id='word_1_92' title='bbox 799 1996 1019 2107; x_wconf 82' lang='lat' dir='ltr'><strong>ingressum</strong></span> <span class='ocrx_word' id='word_1_93' title='bbox 1047 2011 1248 2074; x_wconf 81' lang='lat' dir='ltr'><strong>extensam</strong></span> <span class='ocrx_word' id='word_1_94' title='bbox 1277 1989 1418 2095; x_wconf 82' lang='lat' dir='ltr'><strong>fuisse,</strong></span> <span class='ocrx_word' id='word_1_95' title='bbox 1444 1994 1499 2076; x_wconf 86' lang='lat' dir='ltr'><strong>ita</strong></span> <span class='ocrx_word' id='word_1_96' title='bbox 1527 2012 1575 2076; x_wconf 91' lang='lat' dir='ltr'><strong>ut</strong></span> <span class='ocrx_word' id='word_1_97' title='bbox 1591 2011 1632 2075; x_wconf 89' lang='lat' dir='ltr'><strong>et</strong></span> <span class='ocrx_word' id='word_1_98' title='bbox 1652 1989 1903 2078; x_wconf 80' lang='lat' dir='ltr'><strong>itinerarium</strong></span> <span class='ocrx_word' id='word_1_99' title='bbox 1923 2021 2087 2108; x_wconf 87' lang='lat' dir='ltr'><strong>quoque</strong></span> <span class='ocrx_word' id='word_1_100' title='bbox 2105 1992 2183 2076; x_wconf 82' lang='lat' dir='ltr'><strong>An·</strong></span> 
     </span>
     <span class='ocr_line' id='line_1_12' title="bbox 515 2130 2065 2248; baseline -0.005 -31"><span class='ocrx_word' id='word_1_101' title='bbox 515 2139 641 2220; x_wconf 88' lang='lat' dir='ltr'><strong>tonini</strong></span> <span class='ocrx_word' id='word_1_102' title='bbox 673 2133 723 2216; x_wconf 91' lang='lat' dir='ltr'><strong>ad</strong></span> <span class='ocrx_word' id='word_1_103' title='bbox 754 2136 913 2248; x_wconf 52' lang='lat' dir='ltr'><strong>&amp;aaut</strong></span> <span class='ocrx_word' id='word_1_104' title='bbox 949 2131 1134 2215; x_wconf 79' lang='lat' dir='ltr'><strong>Troicum</strong></span> <span class='ocrx_word' id='word_1_105' title='bbox 1162 2130 1334 2214; x_wconf 90' lang='lat' dir='ltr'><strong>limitem</strong></span> <span class='ocrx_word' id='word_1_106' title='bbox 1362 2130 1602 2245; x_wconf 87' lang='lat' dir='ltr'><strong>Campaniae</strong></span> <span class='ocrx_word' id='word_1_107' title='bbox 1629 2151 1783 2217; x_wconf 88' lang='lat' dir='ltr'><strong>statuat</strong></span> <span class='ocrx_word' id='word_1_108' title='bbox 1936 2203 1939 2210; x_wconf 76' lang='grc'>,</span> <span class='ocrx_word' id='word_1_109' title='bbox 2060 2203 2065 2210; x_wconf 93' lang='grc'><strong>.</strong></span> 
     </span>
     <span class='ocr_line' id='line_1_13' title="bbox 626 2269 2184 2394; baseline 0.006 -38"><span class='ocrx_word' id='word_1_110' title='bbox 626 2271 749 2382; x_wconf 90' lang='lat' dir='ltr'><strong>Quod</strong></span> <span class='ocrx_word' id='word_1_111' title='bbox 781 2303 874 2356; x_wconf 88' lang='lat' dir='ltr'><strong>vero</strong></span> <span class='ocrx_word' id='word_1_112' title='bbox 902 2270 953 2356; x_wconf 90' lang='lat' dir='ltr'><strong>ad</strong></span> <span class='ocrx_word' id='word_1_113' title='bbox 983 2269 1089 2356; x_wconf 88' lang='lat' dir='ltr'><strong>illud</strong></span> <span class='ocrx_word' id='word_1_114' title='bbox 1117 2274 1306 2382; x_wconf 83' lang='lat' dir='ltr'><strong>pertinet,</strong></span> <span class='ocrx_word' id='word_1_115' title='bbox 1321 2274 1435 2384; x_wconf 90' lang='lat' dir='ltr'><strong>quod</strong></span> <span class='ocrx_word' id='word_1_116' title='bbox 1463 2274 1572 2388; x_wconf 91' lang='lat' dir='ltr'><strong>apud</strong></span> <span class='ocrx_word' id='word_1_117' title='bbox 1600 2276 1787 2362; x_wconf 85' lang='lat' dir='ltr'><strong>Adonem</strong></span> <span class='ocrx_word' id='word_1_118' title='bbox 1807 2298 1848 2362; x_wconf 91' lang='lat' dir='ltr'><strong>et</strong></span> <span class='ocrx_word' id='word_1_119' title='bbox 1866 2277 1963 2362; x_wconf 89' lang='lat' dir='ltr'><strong>alios</strong></span> <span class='ocrx_word' id='word_1_120' title='bbox 1981 2276 2184 2394; x_wconf 73' lang='lat' dir='ltr'><strong>legitur:</strong></span> 
     </span>
     <span class='ocr_line' id='line_1_14' title="bbox 517 2411 2183 2528; baseline 0.005 -33"><span class='ocrx_word' id='word_1_121' title='bbox 517 2413 755 2528; x_wconf 78' lang='lat' dir='ltr'><strong>Garganum</strong></span> <span class='ocrx_word' id='word_1_122' title='bbox 786 2418 915 2498; x_wconf 74' lang='lat' dir='ltr'><strong>otium</strong></span> <span class='ocrx_word' id='word_1_123' title='bbox 939 2411 1214 2526; x_wconf 80' lang='lat' dir='ltr'><strong>praedivitem</strong></span> <span class='ocrx_word' id='word_1_124' title='bbox 1242 2441 1299 2495; x_wconf 83' lang='lat' dir='ltr'><strong>eat</strong></span> <span class='ocrx_word' id='word_1_125' title='bbox 1326 2411 1509 2498; x_wconf 83' lang='lat' dir='ltr'><strong>adventa</strong></span> <span class='ocrx_word' id='word_1_126' title='bbox 1536 2447 1607 2501; x_wconf 82' lang='lat' dir='ltr'><strong>suo</strong></span> <span class='ocrx_word' id='word_1_127' title='bbox 1635 2421 1763 2501; x_wconf 88' lang='lat' dir='ltr'><strong>monti</strong></span> <span class='ocrx_word' id='word_1_128' title='bbox 1798 2417 2045 2503; x_wconf 77' lang='lat' dir='ltr'><strong>vocabutrm</strong></span> <span class='ocrx_word' id='word_1_129' title='bbox 2080 2419 2183 2503; x_wconf 86' lang='lat' dir='ltr'><strong>iadi-</strong></span> 
     </span>
     <span class='ocr_line' id='line_1_15' title="bbox 513 2538 2183 2678; baseline 0.004 -42"><span class='ocrx_word' id='word_1_130' title='bbox 513 2552 618 2637; x_wconf 76' lang='lat' dir='ltr'><strong>disse</strong></span> <span class='ocrx_word' id='word_1_131' title='bbox 634 2538 990 2660; x_wconf 76' lang='lat' dir='ltr'><strong>,lamanuensium</strong></span> <span class='ocrx_word' id='word_1_132' title='bbox 1019 2557 1142 2678; x_wconf 73' lang='lat' dir='ltr'><strong>errori</strong></span> <span class='ocrx_word' id='word_1_133' title='bbox 1171 2582 1232 2638; x_wconf 88' lang='lat' dir='ltr'><strong>res</strong></span> <span class='ocrx_word' id='word_1_134' title='bbox 1271 2549 1477 2638; x_wconf 89' lang='lat' dir='ltr'><strong>tribuenda</strong></span> <span class='ocrx_word' id='word_1_135' title='bbox 1519 2576 1588 2638; x_wconf 82' lang='lat' dir='ltr'><strong>est.</strong></span> <span class='ocrx_word' id='word_1_136' title='bbox 1615 2555 1665 2640; x_wconf 93' lang='lat' dir='ltr'><strong>ln</strong></span> <span class='ocrx_word' id='word_1_137' title='bbox 1696 2554 1895 2672; x_wconf 71' lang='lat' dir='ltr'><strong>Legenda</strong></span> <span class='ocrx_word' id='word_1_138' title='bbox 1922 2561 2031 2642; x_wconf 90' lang='lat' dir='ltr'><strong>enim</strong></span> <span class='ocrx_word' id='word_1_139' title='bbox 2073 2561 2183 2670; x_wconf 92' lang='lat' dir='ltr'><strong>apud</strong></span> 
     </span>
     <span class='ocr_line' id='line_1_16' title="bbox 509 2691 2182 2813; baseline 0.007 -37"><span class='ocrx_word' id='word_1_140' title='bbox 509 2693 774 2808; x_wconf 86' lang='lat' dir='ltr'><strong>Uglrellium,</strong></span> <span class='ocrx_word' id='word_1_141' title='bbox 803 2717 848 2778; x_wconf 91' lang='lat' dir='ltr'><strong>ut</strong></span> <span class='ocrx_word' id='word_1_142' title='bbox 885 2717 925 2780; x_wconf 92' lang='lat' dir='ltr'><strong>et</strong></span> <span class='ocrx_word' id='word_1_143' title='bbox 954 2699 996 2779; x_wconf 92' lang='lat' dir='ltr'><strong>in</strong></span> <span class='ocrx_word' id='word_1_144' title='bbox 1025 2695 1207 2805; x_wconf 88' lang='lat' dir='ltr'><strong>Lyciensi</strong></span> <span class='ocrx_word' id='word_1_145' title='bbox 1237 2691 1439 2778; x_wconf 82' lang='lat' dir='ltr'><strong>Breviario</strong></span> <span class='ocrx_word' id='word_1_146' title='bbox 1474 2693 1618 2812; x_wconf 86' lang='lat' dir='ltr'><strong>legitur</strong></span> <span class='ocrx_word' id='word_1_147' title='bbox 1646 2715 1688 2780; x_wconf 85' lang='lat' dir='ltr'><strong>:t</strong></span> <span class='ocrx_word' id='word_1_148' title='bbox 1724 2695 1808 2813; x_wconf 83' lang='lat' dir='ltr'><strong>Qui</strong></span> <span class='ocrx_word' id='word_1_149' title='bbox 1834 2727 1891 2792; x_wconf 76' lang='lat' dir='ltr'><strong>ea·</strong></span> <span class='ocrx_word' id='word_1_150' title='bbox 1928 2713 2076 2786; x_wconf 76' lang='lat' dir='ltr'><strong>euentu</strong></span> <span class='ocrx_word' id='word_1_151' title='bbox 2111 2733 2182 2787; x_wconf 85' lang='lat' dir='ltr'><strong>mo</strong></span> 
     </span>
     <span class='ocr_line' id='line_1_17' title="bbox 509 2833 2179 2953; baseline 0.003 -33"><span class='ocrx_word' id='word_1_152' title='bbox 509 2841 653 2920; x_wconf 82' lang='lat' dir='ltr'><strong>montis</strong></span> <span class='ocrx_word' id='word_1_153' title='bbox 681 2837 758 2919; x_wconf 83' lang='lat' dir='ltr'><strong>sibi</strong></span> <span class='ocrx_word' id='word_1_154' title='bbox 783 2837 1024 2922; x_wconf 83' lang='lat' dir='ltr'><strong>vocabalum</strong></span> <span class='ocrx_word' id='word_1_155' title='bbox 1053 2835 1211 2922; x_wconf 81' lang='lat' dir='ltr'><strong>indidit.</strong></span> <span class='ocrx_word' id='word_1_156' title='bbox 1241 2838 1334 2923; x_wconf 92' lang='lat' dir='ltr'><strong>Non</strong></span> <span class='ocrx_word' id='word_1_157' title='bbox 1363 2841 1499 2951; x_wconf 88' lang='lat' dir='ltr'><strong>itaque</strong></span> <span class='ocrx_word' id='word_1_158' title='bbox 1526 2865 1549 2921; x_wconf 87' lang='lat' dir='ltr'><strong>a</strong></span> <span class='ocrx_word' id='word_1_159' title='bbox 1578 2833 1766 2953; x_wconf 84' lang='lat' dir='ltr'><strong>Gargano</strong></span> <span class='ocrx_word' id='word_1_160' title='bbox 1784 2834 1945 2923; x_wconf 90' lang='lat' dir='ltr'><strong>bomine</strong></span> <span class='ocrx_word' id='word_1_161' title='bbox 1962 2844 2091 2925; x_wconf 89' lang='lat' dir='ltr'><strong>monti</strong></span> <span class='ocrx_word' id='word_1_162' title='bbox 2110 2871 2179 2926; x_wconf 86' lang='lat' dir='ltr'><strong>no-</strong></span> 
     </span>
     <span class='ocr_line' id='line_1_18' title="bbox 508 2976 2178 3096; baseline 0.004 -34"><span class='ocrx_word' id='word_1_163' title='bbox 508 3011 600 3063; x_wconf 88' lang='lat' dir='ltr'><strong>men</strong></span> <span class='ocrx_word' id='word_1_164' title='bbox 629 2976 800 3080; x_wconf 89' lang='lat' dir='ltr'><strong>datum,</strong></span> <span class='ocrx_word' id='word_1_165' title='bbox 828 2977 898 3062; x_wconf 90' lang='lat' dir='ltr'><strong>sed</strong></span> <span class='ocrx_word' id='word_1_166' title='bbox 927 3009 949 3061; x_wconf 89' lang='lat' dir='ltr'><strong>a</strong></span> <span class='ocrx_word' id='word_1_167' title='bbox 978 2978 1141 3083; x_wconf 83' lang='lat' dir='ltr'><strong>Monte,</strong></span> <span class='ocrx_word' id='word_1_168' title='bbox 1170 2983 1209 3063; x_wconf 91' lang='lat' dir='ltr'><strong>in</strong></span> <span class='ocrx_word' id='word_1_169' title='bbox 1240 3009 1324 3094; x_wconf 91' lang='lat' dir='ltr'><strong>quo</strong></span> <span class='ocrx_word' id='word_1_170' title='bbox 1350 2979 1507 3094; x_wconf 84' lang='lat' dir='ltr'><strong>signum</strong></span> <span class='ocrx_word' id='word_1_171' title='bbox 1528 2998 1696 3064; x_wconf 88' lang='lat' dir='ltr'><strong>retortae</strong></span> <span class='ocrx_word' id='word_1_172' title='bbox 1709 2983 1870 3096; x_wconf 83' lang='lat' dir='ltr'><strong>sagittae</strong></span> <span class='ocrx_word' id='word_1_173' title='bbox 1887 3002 2090 3084; x_wconf 85' lang='lat' dir='ltr'><strong>evenerat,</strong></span> <span class='ocrx_word' id='word_1_174' title='bbox 2110 3010 2178 3068; x_wconf 78' lang='lat' dir='ltr'><strong>no·</strong></span> 
     </span>
     <span class='ocr_line' id='line_1_19' title="bbox 512 3115 2181 3239; baseline 0.004 -35"><span class='ocrx_word' id='word_1_175' title='bbox 512 3151 604 3204; x_wconf 89' lang='lat' dir='ltr'><strong>men</strong></span> <span class='ocrx_word' id='word_1_176' title='bbox 634 3125 722 3203; x_wconf 87' lang='lat' dir='ltr'><strong>viro</strong></span> <span class='ocrx_word' id='word_1_177' title='bbox 752 3119 812 3203; x_wconf 95' lang='lat' dir='ltr'><strong>illi</strong></span> <span class='ocrx_word' id='word_1_178' title='bbox 839 3115 1050 3231; x_wconf 90' lang='lat' dir='ltr'><strong>praediviti</strong></span> <span class='ocrx_word' id='word_1_179' title='bbox 1078 3123 1314 3232; x_wconf 90' lang='lat' dir='ltr'><strong>appositum.</strong></span> <span class='ocrx_word' id='word_1_180' title='bbox 1345 3117 1409 3202; x_wconf 91' lang='lat' dir='ltr'><strong>De</strong></span> <span class='ocrx_word' id='word_1_181' title='bbox 1435 3145 1483 3200; x_wconf 85' lang='lat' dir='ltr'><strong>eo</strong></span> <span class='ocrx_word' id='word_1_182' title='bbox 1511 3145 1608 3202; x_wconf 83' lang='lat' dir='ltr'><strong>vero</strong></span> <span class='ocrx_word' id='word_1_183' title='bbox 1636 3117 1748 3233; x_wconf 91' lang='lat' dir='ltr'><strong>quod</strong></span> <span class='ocrx_word' id='word_1_184' title='bbox 1777 3126 1971 3239; x_wconf 82' lang='lat' dir='ltr'><strong>paganicis</strong></span> <span class='ocrx_word' id='word_1_185' title='bbox 1998 3130 2181 3236; x_wconf 88' lang='lat' dir='ltr'><strong>supersti-</strong></span> 
     </span>
     <span class='ocr_line' id='line_1_20' title="bbox 510 3254 2181 3374; baseline 0.007 -31"><span class='ocrx_word' id='word_1_186' title='bbox 510 3259 685 3343; x_wconf 87' lang='lat' dir='ltr'><strong>tionibus</strong></span> <span class='ocrx_word' id='word_1_187' title='bbox 714 3255 897 3342; x_wconf 89' lang='lat' dir='ltr'><strong>dicantur</strong></span> <span class='ocrx_word' id='word_1_188' title='bbox 925 3255 1173 3370; x_wconf 89' lang='lat' dir='ltr'><strong>Neapolitani</strong></span> <span class='ocrx_word' id='word_1_189' title='bbox 1201 3255 1382 3359; x_wconf 89' lang='lat' dir='ltr'><strong>addicti,</strong></span> <span class='ocrx_word' id='word_1_190' title='bbox 1410 3254 1522 3374; x_wconf 91' lang='lat' dir='ltr'><strong>quod</strong></span> <span class='ocrx_word' id='word_1_191' title='bbox 1550 3257 1694 3346; x_wconf 85' lang='lat' dir='ltr'><strong>falsum</strong></span> <span class='ocrx_word' id='word_1_192' title='bbox 1726 3267 1973 3350; x_wconf 83' lang='lat' dir='ltr'><strong>convincitur</strong></span> <span class='ocrx_word' id='word_1_193' title='bbox 2000 3295 2101 3370; x_wconf 88' lang='lat' dir='ltr'><strong>esse,</strong></span> <span class='ocrx_word' id='word_1_194' title='bbox 2121 3273 2181 3356; x_wconf 93' lang='lat' dir='ltr'><strong>in·</strong></span> 
     </span>
     <span class='ocr_line' id='line_1_21' title="bbox 510 3392 2175 3516; baseline 0.008 -36"><span class='ocrx_word' id='word_1_195' title='bbox 510 3399 634 3482; x_wconf 91' lang='lat' dir='ltr'><strong>serius</strong></span> <span class='ocrx_word' id='word_1_196' title='bbox 661 3401 739 3482; x_wconf 92' lang='lat' dir='ltr'><strong>erit</strong></span> <span class='ocrx_word' id='word_1_197' title='bbox 767 3399 1030 3510; x_wconf 87' lang='lat' dir='ltr'><strong>opportunior</strong></span> <span class='ocrx_word' id='word_1_198' title='bbox 1059 3392 1217 3480; x_wconf 89' lang='lat' dir='ltr'><strong>dicendi</strong></span> <span class='ocrx_word' id='word_1_199' title='bbox 1245 3394 1366 3482; x_wconf 82' lang='lat' dir='ltr'><strong>locus</strong></span> <span class='ocrx_word' id='word_1_200' title='bbox 1376 3396 1622 3486; x_wconf 89' lang='lat' dir='ltr'><strong>Hictantum</strong></span> <span class='ocrx_word' id='word_1_201' title='bbox 1650 3423 1882 3516; x_wconf 80' lang='lat' dir='ltr'><strong>praenotate</strong></span> <span class='ocrx_word' id='word_1_202' title='bbox 1907 3407 2095 3515; x_wconf 77' lang='lat' dir='ltr'><strong>utfficiat,</strong></span> <span class='ocrx_word' id='word_1_203' title='bbox 2122 3410 2175 3493; x_wconf 80' lang='lat' dir='ltr'><strong>A·</strong></span> 
     </span>
     <span class='ocr_line' id='line_1_22' title="bbox 511 3532 2181 3658; baseline 0.008 -38"><span class='ocrx_word' id='word_1_204' title='bbox 511 3557 647 3640; x_wconf 86' lang='lat' dir='ltr'><strong>cta,ex</strong></span> <span class='ocrx_word' id='word_1_205' title='bbox 676 3534 824 3648; x_wconf 90' lang='lat' dir='ltr'><strong>quibus</strong></span> <span class='ocrx_word' id='word_1_206' title='bbox 852 3532 970 3618; x_wconf 91' lang='lat' dir='ltr'><strong>Adon</strong></span> <span class='ocrx_word' id='word_1_207' title='bbox 998 3565 1111 3618; x_wconf 90' lang='lat' dir='ltr'><strong>suam</strong></span> <span class='ocrx_word' id='word_1_208' title='bbox 1133 3537 1336 3646; x_wconf 84' lang='lat' dir='ltr'><strong>exscripsit</strong></span> <span class='ocrx_word' id='word_1_209' title='bbox 1364 3537 1566 3624; x_wconf 87' lang='lat' dir='ltr'><strong>historiam</strong></span> <span class='ocrx_word' id='word_1_210' title='bbox 1595 3543 1799 3630; x_wconf 77' lang='lat' dir='ltr'><strong>manifeste</strong></span> <span class='ocrx_word' id='word_1_211' title='bbox 1815 3548 1857 3630; x_wconf 92' lang='lat' dir='ltr'><strong>in</strong></span> <span class='ocrx_word' id='word_1_212' title='bbox 1885 3545 2069 3658; x_wconf 86' lang='lat' dir='ltr'><strong>pluribus</strong></span> <span class='ocrx_word' id='word_1_213' title='bbox 2097 3578 2181 3634; x_wconf 90' lang='lat' dir='ltr'><strong>oor·</strong></span> 
     </span>
     <span class='ocr_line' id='line_1_23' title="bbox 506 3671 2180 3790; baseline 0.013 -34"><span class='ocrx_word' id='word_1_214' title='bbox 506 3697 623 3788; x_wconf 88' lang='lat' dir='ltr'><strong>rupta</strong></span> <span class='ocrx_word' id='word_1_215' title='bbox 652 3703 743 3758; x_wconf 86' lang='lat' dir='ltr'><strong>esse.</strong></span> <span class='ocrx_word' id='word_1_216' title='bbox 773 3673 830 3756; x_wconf 90' lang='lat' dir='ltr'><strong>lta</strong></span> <span class='ocrx_word' id='word_1_217' title='bbox 860 3673 1101 3788; x_wconf 85' lang='lat' dir='ltr'><strong>plerumque</strong></span> <span class='ocrx_word' id='word_1_218' title='bbox 1128 3671 1205 3778; x_wconf 89' lang='lat' dir='ltr'><strong>fit,</strong></span> <span class='ocrx_word' id='word_1_219' title='bbox 1244 3698 1292 3760; x_wconf 92' lang='lat' dir='ltr'><strong>ut</strong></span> <span class='ocrx_word' id='word_1_220' title='bbox 1329 3707 1411 3790; x_wconf 91' lang='lat' dir='ltr'><strong>quo</strong></span> <span class='ocrx_word' id='word_1_221' title='bbox 1447 3680 1637 3767; x_wconf 87' lang='lat' dir='ltr'><strong>celebrior</strong></span> <span class='ocrx_word' id='word_1_222' title='bbox 1675 3683 1766 3771; x_wconf 85' lang='lat' dir='ltr'><strong>facti</strong></span> <span class='ocrx_word' id='word_1_223' title='bbox 1809 3686 1975 3776; x_wconf 86' lang='lat' dir='ltr'><strong>alicuius</strong></span> <span class='ocrx_word' id='word_1_224' title='bbox 2011 3697 2180 3778; x_wconf 84' lang='lat' dir='ltr'><strong>narratio</strong></span> 
     </span>
     <span class='ocr_line' id='line_1_24' title="bbox 504 3813 2182 3930; baseline 0.01 -30"><span class='ocrx_word' id='word_1_225' title='bbox 504 3823 579 3920; x_wconf 88' lang='lat' dir='ltr'><strong>sit,</strong></span> <span class='ocrx_word' id='word_1_226' title='bbox 608 3844 651 3900; x_wconf 87' lang='lat' dir='ltr'><strong>ea</strong></span> <span class='ocrx_word' id='word_1_227' title='bbox 682 3813 863 3926; x_wconf 90' lang='lat' dir='ltr'><strong>plurium</strong></span> <span class='ocrx_word' id='word_1_228' title='bbox 890 3815 1129 3898; x_wconf 86' lang='lat' dir='ltr'><strong>exscribatur</strong></span> <span class='ocrx_word' id='word_1_229' title='bbox 1156 3815 1356 3918; x_wconf 67' lang='lat' dir='ltr'><strong>manibust</strong></span> <span class='ocrx_word' id='word_1_230' title='bbox 1397 3820 1490 3906; x_wconf 88' lang='lat' dir='ltr'><strong>inde</strong></span> <span class='ocrx_word' id='word_1_231' title='bbox 1518 3853 1723 3930; x_wconf 89' lang='lat' dir='ltr'><strong>errorum,</strong></span> <span class='ocrx_word' id='word_1_232' title='bbox 1749 3847 1791 3911; x_wconf 89' lang='lat' dir='ltr'><strong>et</strong></span> <span class='ocrx_word' id='word_1_233' title='bbox 1819 3826 2049 3916; x_wconf 88' lang='lat' dir='ltr'><strong>laciniarum</strong></span> <span class='ocrx_word' id='word_1_234' title='bbox 2076 3834 2182 3918; x_wconf 90' lang='lat' dir='ltr'><strong>mul·</strong></span> 
     </span>
     <span class='ocr_line' id='line_1_25' title="bbox 503 3952 2170 4082; baseline 0.013 -46"><span class='ocrx_word' id='word_1_235' title='bbox 503 3952 645 4038; x_wconf 90' lang='lat' dir='ltr'><strong>titudo.</strong></span> <span class='ocrx_word' id='word_1_236' title='bbox 673 3955 737 4038; x_wconf 89' lang='lat' dir='ltr'><strong>Sic</strong></span> <span class='ocrx_word' id='word_1_237' title='bbox 765 3981 897 4038; x_wconf 90' lang='lat' dir='ltr'><strong>caussa</strong></span> <span class='ocrx_word' id='word_1_238' title='bbox 923 3957 1098 4069; x_wconf 88' lang='lat' dir='ltr'><strong>exempli</strong></span> <span class='ocrx_word' id='word_1_239' title='bbox 1127 3987 1231 4072; x_wconf 91' lang='lat' dir='ltr'><strong>quae</strong></span> <span class='ocrx_word' id='word_1_240' title='bbox 1259 3979 1403 4046; x_wconf 88' lang='lat' dir='ltr'><strong>retorta</strong></span> <span class='ocrx_word' id='word_1_241' title='bbox 1432 3964 1474 4045; x_wconf 91' lang='lat' dir='ltr'><strong>in</strong></span> <span class='ocrx_word' id='word_1_242' title='bbox 1503 3962 1725 4050; x_wconf 81' lang='lat' dir='ltr'><strong>vibrantem</strong></span> <span class='ocrx_word' id='word_1_243' title='bbox 1754 3965 2020 4082; x_wconf 67' lang='lat' dir='ltr'><strong>saginatus,</strong></span> <span class='ocrx_word' id='word_1_244' title='bbox 2057 3969 2170 4058; x_wconf 92' lang='lat' dir='ltr'><strong>nullo</strong></span> 
     </span>
     <span class='ocr_line' id='line_1_26' title="bbox 508 4091 2176 4226; baseline 0.014 -50"><span class='ocrx_word' id='word_1_245' title='bbox 508 4091 646 4178; x_wconf 88' lang='lat' dir='ltr'><strong>addito</strong></span> <span class='ocrx_word' id='word_1_246' title='bbox 673 4099 716 4179; x_wconf 90' lang='lat' dir='ltr'><strong>iu</strong></span> <span class='ocrx_word' id='word_1_247' title='bbox 743 4093 1072 4209; x_wconf 63' lang='lat' dir='ltr'><strong>vulgatissimis,</strong></span> <span class='ocrx_word' id='word_1_248' title='bbox 1100 4103 1279 4184; x_wconf 74' lang='lat' dir='ltr'><strong>toxicata</strong></span> <span class='ocrx_word' id='word_1_249' title='bbox 1307 4097 1454 4184; x_wconf 89' lang='lat' dir='ltr'><strong>dicitur</strong></span> <span class='ocrx_word' id='word_1_250' title='bbox 1481 4103 1524 4185; x_wconf 92' lang='lat' dir='ltr'><strong>in</strong></span> <span class='ocrx_word' id='word_1_251' title='bbox 1543 4100 1796 4194; x_wconf 70' lang='lat' dir='ltr'><strong>lectionibus</strong></span> <span class='ocrx_word' id='word_1_252' title='bbox 1817 4108 1876 4196; x_wconf 89' lang='lat' dir='ltr'><strong>de</strong></span> <span class='ocrx_word' id='word_1_253' title='bbox 1906 4104 2176 4226; x_wconf 80' lang='lat' dir='ltr'><strong>Apparitione,</strong></span> 
     </span>
     <span class='ocr_line' id='line_1_27' title="bbox 500 4235 2167 4348; baseline 0.015 -31"><span class='ocrx_word' id='word_1_254' title='bbox 500 4264 612 4348; x_wconf 79' lang='lat' dir='ltr'><strong>quae</strong></span> <span class='ocrx_word' id='word_1_255' title='bbox 640 4235 834 4320; x_wconf 78' lang='lat' dir='ltr'><strong>habentur</strong></span> <span class='ocrx_word' id='word_1_256' title='bbox 861 4238 904 4319; x_wconf 93' lang='lat' dir='ltr'><strong>in</strong></span> <span class='ocrx_word' id='word_1_257' title='bbox 930 4235 1039 4323; x_wconf 71' lang='grc' dir='ltr'><strong>Μεε.</strong></span> <span class='ocrx_word' id='word_1_258' title='bbox 1067 4237 1368 4326; x_wconf 88' lang='lat' dir='ltr'><strong>Membranaoeo</strong></span> <span class='ocrx_word' id='word_1_259' title='bbox 1397 4239 1601 4328; x_wconf 76' lang='lat' dir='ltr'><strong>Bretiario</strong></span> <span class='ocrx_word' id='word_1_260' title='bbox 1627 4265 1671 4328; x_wconf 61' lang='lat' dir='ltr'>a</span> <span class='ocrx_word' id='word_1_261' title='bbox 1693 4249 1926 4336; x_wconf 64' lang='lat' dir='ltr'><strong>scemam</strong></span> <span class='ocrx_word' id='word_1_262' title='bbox 1955 4283 2073 4338; x_wconf 83' lang='lat' dir='ltr'><strong>usum</strong></span> <span class='ocrx_word' id='word_1_263' title='bbox 2092 4257 2167 4342; x_wconf 78' lang='lat' dir='ltr'><strong>Ec-</strong></span> 
     </span>
     <span class='ocr_line' id='line_1_28' title="bbox 510 4375 2179 4496; baseline 0.013 -38"><span class='ocrx_word' id='word_1_264' title='bbox 510 4375 654 4458; x_wconf 76' lang='lat' dir='ltr'><strong>clesiae</strong></span> <span class='ocrx_word' id='word_1_265' title='bbox 685 4377 926 4460; x_wconf 82' lang='lat' dir='ltr'><strong>Parisiensis</strong></span> <span class='ocrx_word' id='word_1_266' title='bbox 954 4391 992 4460; x_wconf 88' lang='lat' dir='ltr'><strong>et</strong></span> <span class='ocrx_word' id='word_1_267' title='bbox 1019 4375 1080 4462; x_wconf 82' lang='lat' dir='ltr'><strong>aul</strong></span> <span class='ocrx_word' id='word_1_268' title='bbox 1102 4409 1221 4462; x_wconf 78' lang='lat' dir='ltr'><strong>uttan</strong></span> <span class='ocrx_word' id='word_1_269' title='bbox 1248 4383 1427 4496; x_wconf 70' lang='lat' dir='ltr'><strong>tits&#39;ignts</strong></span> <span class='ocrx_word' id='word_1_270' title='bbox 1456 4385 1665 4470; x_wconf 66' lang='lat' dir='ltr'><strong>Barienstir</strong></span> <span class='ocrx_word' id='word_1_271' title='bbox 1693 4385 1959 4476; x_wconf 81' lang='lat' dir='ltr'><strong>EcclesiaeS.</strong></span> <span class='ocrx_word' id='word_1_272' title='bbox 1990 4391 2158 4478; x_wconf 72' lang='lat' dir='ltr'><strong>lliaolai</strong></span> <span class='ocrx_word' id='word_1_273' title='bbox 2166 4455 2179 4496; x_wconf 91' lang='lat'>‚</span> 
     </span>
     <span class='ocr_line' id='line_1_29' title="bbox 503 4511 2182 4634; baseline 0.014 -39"><span class='ocrx_word' id='word_1_274' title='bbox 503 4543 601 4626; x_wconf 86' lang='lat' dir='ltr'><strong>quas</strong></span> <span class='ocrx_word' id='word_1_275' title='bbox 632 4512 731 4598; x_wconf 86' lang='lat' dir='ltr'><strong>infra</strong></span> <span class='ocrx_word' id='word_1_276' title='bbox 777 4511 972 4599; x_wconf 90' lang='lat' dir='ltr'><strong>dabimus.</strong></span> <span class='ocrx_word' id='word_1_277' title='bbox 1005 4513 1120 4600; x_wconf 89' lang='lat' dir='ltr'><strong>Idem</strong></span> <span class='ocrx_word' id='word_1_278' title='bbox 1150 4515 1301 4634; x_wconf 80' lang='lat' dir='ltr'><strong>legitur</strong></span> <span class='ocrx_word' id='word_1_279' title='bbox 1324 4521 1366 4604; x_wconf 92' lang='lat' dir='ltr'><strong>in</strong></span> <span class='ocrx_word' id='word_1_280' title='bbox 1393 4520 1558 4632; x_wconf 88' lang='lat' dir='ltr'><strong>antiquo</strong></span> <span class='ocrx_word' id='word_1_281' title='bbox 1585 4515 1787 4608; x_wconf 79' lang='lat' dir='ltr'><strong>Breviorio</strong></span> <span class='ocrx_word' id='word_1_282' title='bbox 1814 4523 1866 4610; x_wconf 91' lang='lat' dir='ltr'><strong>ad</strong></span> <span class='ocrx_word' id='word_1_283' title='bbox 1894 4558 2012 4614; x_wconf 88' lang='lat' dir='ltr'><strong>usum</strong></span> <span class='ocrx_word' id='word_1_284' title='bbox 2046 4531 2182 4618; x_wconf 82' lang='lat' dir='ltr'><strong>Caele·</strong></span> 
     </span>
     <span class='ocr_line' id='line_1_30' title="bbox 501 4650 2179 4782; baseline 0.013 -46"><span class='ocrx_word' id='word_1_285' title='bbox 501 4659 693 4736; x_wconf 85' lang='lat' dir='ltr'><strong>stinonaa</strong></span> <span class='ocrx_word' id='word_1_286' title='bbox 722 4650 839 4736; x_wconf 88' lang='lat' dir='ltr'><strong>edito.</strong></span> <span class='ocrx_word' id='word_1_287' title='bbox 859 4653 936 4738; x_wconf 88' lang='lat' dir='ltr'><strong>Sed</strong></span> <span class='ocrx_word' id='word_1_288' title='bbox 965 4653 1130 4742; x_wconf 90' lang='lat' dir='ltr'><strong>adrem</strong></span> <span class='ocrx_word' id='word_1_289' title='bbox 1159 4655 1415 4762; x_wconf 88' lang='lat' dir='ltr'><strong>accedamus,</strong></span> <span class='ocrx_word' id='word_1_290' title='bbox 1446 4686 1548 4771; x_wconf 87' lang='lat' dir='ltr'><strong>quae</strong></span> <span class='ocrx_word' id='word_1_291' title='bbox 1576 4658 1737 4747; x_wconf 84' lang='lat' dir='ltr'><strong>fortasse</strong></span> <span class='ocrx_word' id='word_1_292' title='bbox 1765 4663 1882 4750; x_wconf 88' lang='lat' dir='ltr'><strong>altius</strong></span> <span class='ocrx_word' id='word_1_293' title='bbox 1911 4669 2080 4782; x_wconf 90' lang='lat' dir='ltr'><strong>petenda</strong></span> <span class='ocrx_word' id='word_1_294' title='bbox 2096 4677 2179 4758; x_wconf 89' lang='lat' dir='ltr'><strong>erit.</strong></span> 
     </span>
     <span class='ocr_line' id='line_1_31' title="bbox 615 4790 2179 4918; baseline 0.015 -43"><span class='ocrx_word' id='word_1_295' title='bbox 615 4790 882 4907; x_wconf 78' lang='lat' dir='ltr'><strong>Exploratum</strong></span> <span class='ocrx_word' id='word_1_296' title='bbox 912 4818 970 4881; x_wconf 91' lang='lat' dir='ltr'><strong>est</strong></span> <span class='ocrx_word' id='word_1_297' title='bbox 1002 4800 1234 4913; x_wconf 85' lang='lat' dir='ltr'><strong>Garganum</strong></span> <span class='ocrx_word' id='word_1_298' title='bbox 1263 4797 1475 4903; x_wconf 91' lang='lat' dir='ltr'><strong>Montem,</strong></span> <span class='ocrx_word' id='word_1_299' title='bbox 1503 4822 1552 4886; x_wconf 93' lang='lat' dir='ltr'><strong>ut</strong></span> <span class='ocrx_word' id='word_1_300' title='bbox 1578 4830 1642 4906; x_wconf 88' lang='lat' dir='ltr'><strong>ea,</strong></span> <span class='ocrx_word' id='word_1_301' title='bbox 1669 4795 1775 4918; x_wconf 64' lang='lat' dir='ltr'><strong>&#39;quae</strong></span> <span class='ocrx_word' id='word_1_302' title='bbox 1803 4802 1863 4891; x_wconf 92' lang='lat' dir='ltr'><strong>illi</strong></span> <span class='ocrx_word' id='word_1_303' title='bbox 1891 4807 2089 4916; x_wconf 89' lang='lat' dir='ltr'><strong>adiacent,</strong></span> <span class='ocrx_word' id='word_1_304' title='bbox 2122 4814 2179 4898; x_wconf 80' lang='lat' dir='ltr'><strong>to</strong></span> 
     </span>
     <span class='ocr_line' id='line_1_32' title="bbox 500 4935 2182 5052; baseline 0.01 -34"><span class='ocrx_word' id='word_1_305' title='bbox 500 4961 555 5032; x_wconf 82' lang='lat' dir='ltr'><strong>ca,</strong></span> <span class='ocrx_word' id='word_1_306' title='bbox 576 4935 848 5049; x_wconf 83' lang='lat' dir='ltr'><strong>pagauiearum</strong></span> <span class='ocrx_word' id='word_1_307' title='bbox 877 4939 1205 5052; x_wconf 88' lang='lat' dir='ltr'><strong>superstitionum</strong></span> <span class='ocrx_word' id='word_1_308' title='bbox 1235 4935 1361 5025; x_wconf 83' lang='lat' dir='ltr'><strong>veluti</strong></span> <span class='ocrx_word' id='word_1_309' title='bbox 1390 4959 1571 5026; x_wconf 86' lang='lat' dir='ltr'><strong>centrum</strong></span> <span class='ocrx_word' id='word_1_310' title='bbox 1599 4961 1639 5026; x_wconf 88' lang='lat' dir='ltr'><strong>et</strong></span> <span class='ocrx_word' id='word_1_311' title='bbox 1666 4940 1885 5032; x_wconf 84' lang='lat' dir='ltr'><strong>Teatltrum</strong></span> <span class='ocrx_word' id='word_1_312' title='bbox 1905 4945 2035 5035; x_wconf 82' lang='lat' dir='ltr'><strong>fuisse.</strong></span> <span class='ocrx_word' id='word_1_313' title='bbox 2055 4949 2182 5036; x_wconf 82' lang='lat' dir='ltr'><strong>Silvo·</strong></span> 
     </span>
    </p>
   </div>
   <div class='ocr_carea' id='block_1_3' title="bbox 0 0 2462 6610">
    <p class='ocr_par' dir='ltr' id='par_1_3' title="bbox 0 0 2462 6610">
     <span class='ocr_line' id='line_1_33' title="bbox 0 0 2462 6610; baseline 0 4"><span class='ocrx_word' id='word_1_314' title='bbox 0 0 2462 6610; x_wconf 95' lang='lat' dir='ltr'><strong> </strong></span> 
     </span>
    </p>
   </div>
  </div>
 </body>
</html>
