4870 6630
1258 549 1292 666 '(
1321 549 1424 665 96)

516 753 718 872 signamus
738 747 885 830 virtute
901 747 1032 833 celesti
1041 747 1209 856 custodi,
1222 770 1270 842 ut
1279 745 1565 866 magnitudinis
1580 747 1705 864 glorie
1715 743 1942 832 rudimenta
1956 775 2125 858 servus,
2138 787 2202 842 cu-

513 891 683 980 stodiam
698 885 980 974 mandatorum
990 911 1154 983 tuorum
1162 887 1213 974 ad
1223 891 1561 1013 regeneracionem
1570 885 1658 1016 (sic)
1669 886 1840 1004 gloriam
1849 895 2052 1004 pervenire
2062 925 2203 986 merea·

512 1061 588 1124 tur.
598 1033 675 1118 Per
692 1025 936 1116 eumdem:
951 1027 1125 1133 Oramus
1139 1043 1182 1112 :t
1197 1031 1309 1118 Deus
1319 1033 1391 1146 qui
1418 1030 1585 1116 hnmani
1605 1033 1757 1148 generis
1778 1033 1831 1126 ita
1849 1061 1891 1120 es
1908 1031 2087 1122 conditor
2094 1019 2139 1123 nt
2151 1051 2198 1132 sis

514 1181 635 1264 etiam
668 1172 905 1261 reformator
942 1177 1156 1290 propitiare
1184 1174 1346 1289 populis
1374 1169 1572 1260 adobtivis
1600 1202 1708 1258 novo
1736 1194 1969 1263 testamento
1987 1179 2119 1288 sobole
2135 1217 2201 1280 nc

516 1347 566 1402 ve
594 1314 723 1429 plebis
751 1316 901 1402 ascribe
929 1338 977 1401 ut
1005 1311 1081 1400 filit
1110 1317 1385 1428 promissionis
1423 1311 1537 1429 quod
1573 1344 1654 1400 non
1693 1338 1909 1428 potuerunt
1954 1330 2106 1439 assequi
2133 1361 2201 1442 per

518 1481 700 1546 naturam
729 1459 923 1574 gaudeant
950 1487 993 1544 se
1021 1461 1211 1573 recepisse
1248 1488 1320 1571 per
1358 1461 1535 1573 gratiam.
1572 1455 1652 1540 Per
1689 1457 1884 1546 eumdem
1910 1479 1954 1548 a
1980 1459 2095 1552 Tunc
2129 1474 2199 1556 im·

507 1603 639 1717 'ponat
666 1633 831 1687 manum
859 1629 978 1712 super
1006 1595 1139 1710 capud
1166 1601 1251 1682 eius
1273 1594 1380 1682 dicat
1397 1597 1497 1684 hanc
1516 1600 1744 1682 orationem
1758 1613 1801 1682 :t
1823 1599 2084 1717 Omnipotens
2111 1638 2206 1696 sem.

523 1748 678 1858 piterne
706 1741 805 1834 deus
834 1764 944 1856 pater
973 1739 1129 1825 domini
1157 1741 1282 1822 nostri
1318 1737 1396 1826 Ibu
1434 1735 1518 1849 Xpi
1549 1742 1740 1851 respicere
1769 1735 1931 1857 dignare
1957 1773 2074 1859 super
2101 1748 2203 1837 hunc

519 1885 717 1972 famulum
747 1907 864 1969 tuum
893 1879 1096 1999 quemad
1124 1877 1351 1968 rudimenta
1393 1873 1492 1964 fidei
1535 1907 1677 1966 vocare
1724 1880 1908 2000 dignatus
1953 1916 1995 1972 es
2040 1919 2200 1978 omnem

520 2030 723 2113 cecitatem
750 2022 880 2112 cordis
907 2023 959 2108 ab
996 2053 1043 2106 eo
1071 2020 1224 2134 expelle
1260 2018 1468 2136 dinumpe
1504 2054 1641 2110 omnes
1678 2021 1840 2138 laqueos
1886 2047 2017 2114 satam
2058 2031 2202 2143 quibus

522 2169 651 2254 fuerat
680 2167 888 2284 obligatus
916 2163 1039 2279 Aperi
1068 2167 1105 2248 oi
1133 2162 1298 2249 domine
1325 2167 1485 2250 ianuam
1514 2169 1668 2280 pietatis
1698 2189 1778 2273 tue,
1806 2187 1854 2252 ut
1881 2167 1960 2252 sale
1995 2157 2202 2283 sapientiae

522 2333 591 2392 tue
619 2309 799 2393 imbutus
827 2303 1092 2391 cubiditatum
1121 2303 1245 2390 fetore
1263 2323 1410 2408 careat,
1427 2299 1533 2392 etad
1550 2332 1711 2392 suavem
1731 2305 1899 2393 odorem
1927 2330 2200 2423 preceptorum

526 2472 692 2533 tuorum
722 2444 825 2531 letus
854 2447 927 2532 tibi
956 2449 998 2529 in
1026 2443 1202 2530 Ecclesia
1231 2464 1298 2527 tua
1328 2440 1536 2552 deserviat,
1564 2469 1605 2534 et
1631 2445 1814 2562 proficiat
1841 2448 1894 2534 de
1920 2449 1985 2536 die
2022 2455 2064 2536 in
2090 2451 2198 2549 diem

527 2611 575 2672 ut
603 2588 790 2701 ydoneus
818 2591 1013 2678 efficiatur
1040 2583 1222 2672 accedere
1249 2582 1301 2676 ad
1329 2591 1496 2704 gratiam
1527 2589 1724 2703 baptismi.
1751 2593 1829 2677 Per
1857 2591 2043 2680 eundem.

637 2731 839 2831 Bene†dic
867 2735 1119 2844 omnipotens
1147 2725 1247 2814 deus
1275 2727 1375 2815 hanc
1417 2753 1636 2818 creaturam
1665 2735 1754 2824 salis
1781 2732 2082 2828 beneidictione
2110 2738 2207 2826 cele

524 2879 574 2959 sti
604 2877 646 2958 iu
673 2877 833 2959 nomine
862 2869 1017 2957 domini
1064 2875 1188 2960 nostri
1228 2867 1306 2959 Ihu
1344 2871 1428 2984 Xpi
1474 2876 1583 2959 etin
1610 2878 1758 2961 virtute
1785 2879 1947 2990 spiritus
1982 2881 2105 2963 sancti
2151 2876 2202 2964 ad

525 3011 749 3131 fugandum
779 3015 1000 3120 inimicum,
1029 3042 1152 3127 quem
1182 3021 1229 3100 tu
1256 3013 1422 3102 domine
1448 3009 1727 3105 sanctificando
1755 3012 1996 3112 sanctiffices
2023 3017 2203 3104 athene

526 3152 701 3241 dicendo
728 3152 935 3242 benedicas
961 3152 1116 3272 fiatque
1143 3155 1330 3242 omnibus
1357 3156 1638 3270 accipientibus
1675 3157 1845 3272 perfecta
1881 3155 2079 3246 medicina
2114 3189 2200 3272 per«

526 3325 690 3382 manens
737 3301 781 3382 in
810 3297 1024 3384 riscenhus
1061 3327 1203 3386 eorum
1241 3301 1283 3385 iu
1319 3300 1482 3384 nomine
1520 3295 1676 3384 domini
1712 3303 1836 3386 nostri
1872 3298 1951 3390 thu
1988 3299 2074 3411 Xpi
2133 3302 2205 3414 qui

525 3459 717 3530 venturus
748 3463 807 3530 est
837 3455 878 3522 Ξ
896 3441 1154 3555 .Aspergatur
1173 3503 1182 3522 .
1203 3509 1212 3528 .
1234 3503 1244 3526 .
1263 3502 1273 3521 .
1292 3502 1302 3522 .
1322 3501 1331 3522 .
1352 3501 1361 3532 ,
1381 3497 1420 3518 ..
1448 3436 1626 3551 Accipiat
1654 3438 1706 3527 de
1734 3443 1820 3552 ipso
1847 3438 1925 3527 sale
1951 3459 1991 3522 et
2019 3457 2140 3550 ponat
2158 3443 2202 3530 itt

524 3615 593 3669 ore
611 3602 654 3664 :a
681 3586 910 3671 nominetur
934 3597 976 3665 ἔ
994 3583 1186 3668 Iohannes
1214 3584 1345 3694 accipe
1373 3576 1495 3668 salem
1525 3569 1713 3692 sapientie
1749 3584 1823 3696 qui
1860 3579 2097 3695 propiciatus
2125 3577 2202 3672 tihi

527 3737 579 3814 sit
607 3734 650 3814 in
678 3732 804 3812 uitam
833 3746 1019 3810 eternam.
1047 3723 1178 3810 Amen
1202 3742 1244 3820 β
1261 3723 1344 3808 Pax
1374 3721 1445 3807 tihi
1473 3759 1515 3818 rr
1548 3764 1584 3822 ῃ.
1612 3743 1654 3818 et
1682 3751 1777 3806 cum
1804 3725 1947 3836 spiritu
1964 3735 2007 3798 Ξ
2029 3717 2202 3814 Oramus

647 3871 758 3958 Deus
786 3890 948 3985 patrum
975 3889 1204 3956 nostrorum
1231 3868 1412 3952 universe
1440 3862 1622 3950 conditor
1642 3867 1814 3948 veritatis
1842 3886 1882 3950 te
1898 3863 2095 3980 supplices
2113 3893 2202 3956 exo

530 4043 667 4100 ramus
696 4033 743 4096 ut
770 4011 878 4100 hunc
920 4010 1120 4096 famulum
1157 4031 1276 4095 tuum
1307 4009 1366 4098 N
1384 4009 1573 4120 respicere
1611 4004 1783 4124 digneris
1820 4027 1860 4092 et
1895 4038 1991 4096 eum
2027 4013 2206 4122 primum

531 4156 730 4270 pabulum
758 4156 849 4241 salis
876 4150 1071 4273 gustando
1099 4180 1180 4236 non
1208 4147 1360 4236 diutius
1387 4154 1535 4236 esurire
1563 4153 1766 4261 permittas
1793 4171 1986 4264 quatenus
2022 4151 2113 4236 ubo
2147 4185 2207 4240 re

529 4301 685 4414 plentur
713 4299 876 4402 celesti,
905 4287 1078 4411 qualiter
1106 4296 1156 4377 sit
1183 4321 1340 4405 semper
1367 4289 1531 4376 domine
1560 4293 1721 4402 spiritns
1748 4289 1903 4380 fervens
1930 4323 1999 4408 spe
2032 4293 2204 4412 gaudens

532 4465 604 4526 tuo
633 4469 789 4553 semper
817 4443 978 4526 numini
1005 4429 1175 4522 servieus
1204 4430 1355 4548 perduc
1382 4461 1478 4518 eum
1506 4430 1670 4520 domine
1685 4463 1907 4548 quesumus
1934 4435 1988 4522 ad
2015 4469 2119 4524 nove
2144 4467 2202 4524 rev

531 4585 790 4701 generationis
817 4581 1020 4668 lavacrum
1049 4600 1097 4663 ut
1123 4608 1219 4664 cum
1247 4571 1438 4662 fidelibus
1465 4579 1544 4664 tuis
1572 4579 1882 4692 promissionum
1919 4600 2081 4680 tuarum
2108 4601 2205 4668 oter,

529 4755 579 4812 na
607 4725 760 4840 premia
788 4725 975 4836 consequi
1004 4739 1215 4806 mereatur.
1232 4715 1314 4828 Qui
1325 4736 1517 4810 venturus
1535 4745 1576 4807 es
1590 4717 1765 4806 iudicare
1783 4721 1896 4806 vivos
1912 4741 1952 4804 et
1966 4742 2147 4808 mortuos
2163 4743 2204 4810 et

530 4865 709 4953 seculum
737 4865 981 4980 perignem.

644 5005 755 5128 Ergo
782 5001 991 5104 maledicte
1020 5000 1177 5097 diabole
1205 5029 1436 5118 recognosce
1463 5006 1692 5100 sententiam
1722 5023 1835 5098 tuam
1863 5024 1903 5088 et
1931 5002 1983 5098 da
2009 5005 2204 5104 honorem
