4884 6692
1056 599 1205 722 (³³)

252 812 361 874 ntia
393 777 533 874 contra
549 778 810 870 'donatricem
840 783 1003 859 crttcem
1030 791 1069 860 et
1098 776 1850 892 contrapatriarcliamprusterntmtitr.
1871 783 1967 872 San

255 945 417 1042 gentes
444 929 609 1014 interim
635 925 836 1037 incipiunt
849 915 940 1008 Ave
967 949 1037 1006 rex
1064 936 1197 1004 noster
1229 935 1268 1004 et
1298 921 1446 1004 iteruin
1473 923 1598 1004 tertio.
1618 918 1820 1044 'maniter
1847 953 1903 1007 ex
1921 961 1965 1012 ae

265 1064 340 1152 lia
366 1087 488 1184 parte
517 1083 686 1184 quatiar
711 1079 783 1150 mit
810 1065 983 1179 munqroe
1011 1059 1131 1148 alteri
1167 1075 1306 1144 contra
1348 1058 1575 1175 sepulcrum
1608 1077 1647 1146 et
1682 1077 1822 1150 curura
1865 1080 1965 1148 tem-

255 1209 393 1326 plum
420 1223 585 1298 canant
612 1205 699 1294 Ave
737 1233 805 1292 rex
852 1225 986 1293 noster
1032 1196 1233 1323 ceterique
1262 1199 1442 1316 sternuit
1479 1231 1622 1317 genua
1672 1198 1786 1294 Tunc
1823 1233 1960 1290 omnes

270 1337 409 1440 simul
437 1365 602 1437 cantant
630 1345 711 1430 Fili
740 1343 885 1432 David.
931 1361 970 1428 et
996 1350 1055 1432 sic
1070 1347 1202 1461 fim'ta
1230 1343 1459 1456 antiphona
1493 1345 1588 1460 Qua
1602 1343 1731 1460 finita
1758 1362 1901 1430 cantor
1927 1359 1965 1428 et

270 1496 384 1577 socii
409 1521 495 1576 eins
521 1503 701 1576 ¹cantant.
728 1485 848 1570 Pueri
876 1487 1129 1574 hebreorum.
1160 1481 1214 1570 Et
1243 1482 1340 1568 mim
1365 1486 1490 1568 istam
1518 1502 1682 1570 cantant
1700 1485 1964 1600 antiphonam

270 1661 422 1715 omnes
450 1633 521 1747 qui
546 1643 638 1714 suia
656 1655 713 1710 ex
731 1622 815 1708 alia
838 1643 958 1764 parte
969 1627 1147 1744 stertunt
1173 1659 1318 1743 genna
1353 1627 1507 1742 Quibus
1530 1631 1675 1712 erectis
1711 1626 1772 1712 illi
1798 1648 1966 1745 quatuor

275 1789 356 1856 citit
384 1799 559 1889 qianqne
588 1784 626 1850 et
653 1766 728 1852 alii
740 1768 811 1882 qui
836 1787 929 1854 sunt
956 1803 983 1864 a
1007 1791 1128 1884 parte
1146 1765 1384 1854 Patriarclie
1412 1782 1575 1850 cantant
1593 1763 1764 1849 eandem
1790 1769 1968 1882 antiplo-

277 1943 387 1996 nam
416 1911 535 1993 Pueri
567 1905 816 1992 hebreorum.
858 1906 937 1990 liac
974 1909 1193 2021 antiphona
1226 1926 1290 1994 ter
1329 1923 1495 1990 cantata
1530 1904 1658 1990 atam
1695 1906 1966 2021 antiphonam.

280 2048 408 2136 Pueri
437 2051 677 2136 hebreorum
706 2049 960 2132 vestimenta.
988 2065 1049 2132 ter
1087 2065 1274 2138 cantatur
1307 2044 1539 2130 alternatim
1573 2075 1601 2126 a
1638 2047 1864 2132 cantoribus
1898 2075 1966 2161 ge-

281 2217 369 2274 nua
380 2193 595 2306 flectentes
622 2184 814 2300 (aliquot
842 2215 978 2276 versus
1006 2213 1087 2274 non
1115 2183 1355 2303 leguntur.)
1418 2244 1967 2272 .........

401 2331 566 2414 Portam
594 2356 763 2410 auream
792 2325 995 2410 cantando
1023 2326 1074 2412 de
1102 2329 1390 2444 sollempnitate
1418 2323 1481 2442 (1)
1565 2351 1568 2356 ·

403 2466 568 2582 Anti‘pli
596 2464 801 2578 Ceperunt
828 2495 967 2572 omues
995 2469 1114 2558 turbe

587 2603 696 2690 Cum
724 2610 1062 2723 appropinquaret

394 2750 505 2836 Cum
532 2745 705 2832 audisset
731 2747 917 2862 populus.
947 2768 988 2834 et
1015 2769 1179 2839 ceteras.
1208 2771 1246 2839 et
1283 2772 1425 2842 cantor
1452 2757 1592 2871 incipit
1620 2757 1886 2876 antiphonam
1913 2759 1969 2852 de

282 2891 576 3008 sollempnitate
617 2894 720 2973 Ante
747 2887 832 2974 dies
860 2892 1011 3004 pasche.
1046 2895 1163 2984 Tunc
1190 2901 1403 2984 mbsantor
1439 2918 1477 2984 et
1514 2903 1709 3014 niogister
1749 2901 1880 2988 scliole
1907 2901 1977 3018 (α)

188 3145 194 3158 ι
283 3056 323 3123 et
346 3038 470 3154 pueri
518 3059 610 3116 cum
637 3032 737 3145 ipsis
765 3031 988 3119 mcendunt
1014 3067 1136 3150 snper
1157 3058 1320 3155 portam
1343 3070 1422 3153 per
1457 3071 1582 3160 quiam
1624 3041 1810 3128 dominiis
1858 3043 1970 3131 Iesos

285 3175 512 3264 adveniens
554 3173 735 3256 introivit
762 3188 801 3256 ct
827 3174 885 3257 ibi
910 3193 1126 3290 expectant
1163 3177 1289 3264 donec
1331 3186 1506 3296 ingressi
1539 3202 1837 3300 congregentur.
1870 3185 1970 3302 Qui·

284 3320 357 3404 biis
384 3315 639 3431 congregatis
675 3311 780 3398 solus
809 3330 949 3398 cantor
974 3320 1115 3430 incipit
1143 3319 1251 3405 lianc
1278 3321 1547 3440 antiphonam
1575 3325 1716 3410 Gloria
1744 3327 1831 3411 laus
1849 3348 1889 3411 et
1902 3327 1971 3410 ho-

284 3492 367 3546 nor
396 3461 450 3548 Et
477 3460 621 3546 chorus
649 3453 826 3571 inferius
874 3455 1124 3572 respondent
1151 3457 1235 3544 Rex
1263 3459 1428 3549 Christe.
1457 3467 1511 3550 tt
1551 3465 1627 3552 soli
1655 3470 1775 3579 paeri
1807 3481 1973 3552 saritam

283 3635 443 3688 versum
475 3663 809 3688 ......
848 3618 888 3685 et
923 3617 1087 3684 ceteros.
1122 3601 1276 3716 Quibus
1290 3604 1429 3718 finitis
1450 3613 1573 3722 pueri
1598 3613 1791 3724 incipiunt
1807 3609 1881 3696 vet
1897 3611 1974 3698 Pa·

281 3741 460 3826 triarclia
489 3780 527 3837 a.
573 3713 825 3863 Iugieilieute
842 3739 1037 3826 domino.
1066 3741 1177 3830 illita
1203 3744 1393 3832 ordinata
1416 3755 1668 3864 processione
1704 3751 1973 3868 ingredientes

288 3883 436 3962 atrium
464 3883 602 3996 templi
629 3885 786 3968 domini
807 3879 1102 3968 descendentes
1116 3914 1195 3997 per
1203 3884 1360 4000 gradus
1379 3908 1517 3973 contra
1544 3892 1735 4009 templum
1762 3893 1974 3983 salomonis

290 4037 327 4106 et
350 4023 563 4133 paralius
609 4022 769 4140 gradus
796 4020 1058 4112 ascendeutes
1106 4051 1242 4120 comra
1298 4030 1554 4145 sepulchrum
1596 4032 1753 4123 domim
1797 4041 1861 4128 ad
1894 4071 1975 4133 me·

284 4163 494 4250 ri'dianam
548 4185 735 4280 pai-tem,
814 4169 947 4288 ibi'que
1001 4169 1191 4256 ordinata
1242 4176 1499 4287 processione
1533 4157 1713 4290 sariunt
1762 4189 1974 4278 nationem

295 4306 447 4390 Cantor
500 4307 640 4419 incipit
684 4306 950 4422 antiphonam
996 4307 1263 4430 Collegerunt
1309 4305 1450 4401 lunia
1497 4317 1714 4433 antiphona
1763 4327 1879 4419 Virrs.
1926 4363 1971 4418 u·

1350 4549 1972 4600 mm

390 4675 448 4776 (ι)
472 4675 615 4752 Videtur
639 4677 685 4755 de
708 4679 956 4760 sollemnitate
979 4690 1135 4788 usurpari
1159 4711 1222 4789 pro
1246 4690 1479 4772 sollemniter.

396 4802 454 4903 (e)
481 4801 611 4879 Scilicet
634 4805 785 4886 scholae
809 4825 1014 4890 santonia.
1042 4813 1203 4913 Magister
1243 4816 1339 4918 igitur
1361 4817 1512 4920 scholae,
1539 4832 1598 4932 qui
1623 4833 1687 4910 alio
1713 4835 1819 4910 etiam
1844 4831 1976 4910 namne

292 4929 405 5006 Prior
428 4929 580 5012 scholae
607 4933 987 5039 dinumeraturum
1011 4942 1117 5020 ordini
1140 4957 1315 5046 praeerat,
1342 4973 1464 5054 eosque
1489 4951 1523 5030 iu
1548 4971 1648 5137 carpti
1672 4959 1821 5060 regebat.
