4914 6610
1012 567 1030 682 ς
1064 567 1143 652 2:13
1174 567 1194 685 )

321 805 332 814 ’
444 847 525 931 nn
554 845 792 942 omcmn
821 843 896 930 nr
923 843 1151 932 NOMINE
1181 841 1454 934 ctvtmrts
1482 843 1806 932 MELPHICTL

390 1101 501 1213 Quae
530 1097 609 1184 fnit
636 1100 735 1184 olim
766 1098 1016 1186 Graecorum
1044 1098 1208 1207 indoles,
1236 1105 1355 1188 urbes
1384 1105 1456 1216 qui
1485 1131 1573 1185 suas
1604 1101 1668 1184 vel
1699 1103 1830 1187 aDiis
1848 1105 1956 1214 ipsis,

277 1241 343 1326 vel
372 1265 474 1326 certe
502 1237 552 1325 ah
582 1240 781 1327 Heroibus
811 1237 986 1326 conditas
1014 1245 1301 1348 venditarunt,
1342 1273 1386 1325 ea
1424 1273 1585 1357 quoque
1613 1265 1719 1325 retro
1752 1247 1956 1328 transactis

278 1383 440 1466 saeculis
468 1387 707 1496 scriptorum
736 1405 964 1468 nostrorum
992 1381 1080 1490 suit,
1108 1401 1156 1466 ut
1184 1385 1255 1464 etsi
1286 1411 1367 1464 non
1395 1414 1417 1465 a
1445 1385 1554 1486 Diis,
1583 1381 1634 1466 ab
1664 1379 1956 1498 Heroibussal-

278 1543 366 1606 tem
411 1542 559 1634 nostras
606 1525 727 1609 urbes
769 1522 920 1637 aliquas
962 1527 1148 1636 primitus
1192 1523 1418 1614 aedificatas.
1454 1521 1753 1610 adfirmarent:
1801 1554 1849 1608 ex
1884 1522 1960 1608 hoc

285 1667 392 1748 enim
421 1687 461 1748 et
480 1668 691 1786 penitioris
719 1663 952 1750 emditionis
980 1664 1064 1752 sihi·
1082 1667 1270 1774 laudem,
1300 1690 1340 1754 et
1357 1667 1523 1753 urbibus
1552 1669 1645 1780 ipsis
1675 1666 1845 1781 gloriam
1872 1693 1957 1748 ma-

285 1809 435 1888 ximam
464 1837 702 1892 accessuram
731 1805 1013 1891 existimabant.
1042 1806 1195 1894 Verum
1224 1814 1298 1895 nisi
1335 1842 1383 1895 ex
1423 1812 1587 1893 veritate
1623 1806 1735 1892 nulla
1776 1825 1835 1890 est
1875 1806 1960 1922 glo·

203 1989 207 1996 ·
292 1952 358 2031 ria.
387 1947 523 2052 Hinc,
552 1969 599 2031 ut
628 1951 840 2060 temporis,
869 1977 951 2063 quo
987 1947 1235 2038 Francisctts
1273 1950 1525 2038 lombardus
1568 1949 1778 2062 Melphicti
1813 1951 1968 2058 scripsit

291 2086 521 2192 historiam,
550 2118 638 2172 mos
667 2111 772 2195 erat,
800 2087 956 2175 Urbem
985 2093 1083 2176 hanc
1111 2092 1341 2210 aquodam
1370 2091 1512 2177 Mauro
1544 2090 1699 2201 Ulyssis
1728 2093 1859 2194 socio,
1887 2091 1967 2201 pri·

291 2230 418 2313 mitus
445 2229 646 2314 conditam
675 2229 796 2314 dixit:
813 2261 914 2344 quae
942 2238 1111 2317 narratio
1139 2256 1222 2318 tam
1238 2255 1296 2319 est
1322 2232 1506 2336 absurda,
1523 2250 1572 2316 nt
1593 2229 1869 2315 confutationis
1888 2257 1972 2315 non

297 2371 481 2488 indigeat.
510 2373 602 2484 Ipse
630 2403 793 2487 quoque
811 2370 862 2456 ab
883 2371 1169 2485 Apostolorum
1197 2377 1379 2490 Principe
1396 2377 1514 2460 Petro
1536 2371 1685 2458 Christi
1704 2369 1830 2456 fidem
1847 2398 1974 2454 susce-

302 2517 404 2625 pisse
433 2513 597 2621 scribit3
626 2545 706 2628 qua
735 2516 777 2598 in
806 2544 849 2596 re
876 2512 1048 2600 aliorum
1076 2547 1201 2630 prope
1229 2523 1442 2622 omnium,
1472 2516 1544 2630 qui
1564 2511 1615 2597 de
1643 2511 1705 2596 his
1738 2513 1880 2596 nostris
1896 2505 1975 2592 Ut·-

310 2653 429 2739 hihus
458 2649 849 2766 sc1·ipsemnt,socius
877 2653 964 2741 fuit.
993 2637 1251 2743 SaneaPetri
1280 2654 1485 2769 discipulis
1514 2657 1678 2766 eiusque
1705 2649 1857 2732 asseclis
1875 2649 1978 2758 quin

299 2791 400 2880 fides
429 2793 576 2880 Christi
617 2801 856 2881 sanctissima
894 2803 936 2882 in
965 2800 1032 2883 has
1060 2799 1182 2884 suerit
1219 2803 1369 2883 invecta
1404 2799 1613 2912 regiones,
1655 2817 1775 2872 nemo
1812 2791 1973 2877 dubita-

300 2937 362 3021 bit
399 2959 445 3030 ..τ
485 2935 605 3021 Fides
633 2957 760 3022 vestra
790 2937 808 3054 (
835 2943 890 3022 ait
916 2937 1082 3023 Paullus
1109 2935 1162 3022 ad
1190 2935 1423 3054 Romanos)
1452 2937 1712 3020 annuntiatur
1729 2920 1774 3020 in
1791 2939 1980 3020 universo

301 3076 456 3162 mundo
485 3110 527 3172 :a
563 3077 694 3186 ¹Quod
731 3081 836 3164 siin
864 3085 1049 3166 universo
1077 3077 1254 3186 mund0,
1292 3110 1363 3166 cur
1383 3109 1465 3164 non
1504 3082 1546 3164 in
1564 3075 1794 3181 Provinciis,
1826 3096 1873 3159 ut
1908 3103 1979 3188 po-

306 3243 386 3304 stea
415 3220 576 3304 suerunt
614 3222 844 3334 appellatae,
874 3221 1199 3310 Suburbt‘cariisl
1226 3253 1305 3308 non
1347 3224 1481 3308 statim
1518 3216 1686 3338 quidem
1731 3249 1802 3332 per
1843 3220 1975 3303 civita·

306 3379 364 3443 tes
392 3361 563 3475 singulas
601 3359 767 3458 fortasse
801 3362 1043 3450 coadunatae
1071 3365 1272 3450 Ecclesiae
1310 3363 1499 3470 fuerunt,
1543 3392 1615 3448 nec
1645 3365 1780 3446 statim
1817 3359 1984 3473 Episco-

307 3498 416 3612 pales
443 3521 591 3584 erectae
619 3499 839 3587 Cuthedrae
865 3535 1003 3589 omnes
1031 3505 1086 3590 ab
1110 3510 1204 3619 ipso
1228 3505 1358 3611 Petro,
1372 3503 1442 3590 sed
1464 3538 1486 3589 a
1511 3507 1702 3619 proximis
1723 3505 1808 3587 eins
1837 3529 1988 3586 succes-

310 3639 467 3724 soribus
494 3663 535 3724 et
561 3629 716 3757 Religio
756 3664 884 3728 sancta
913 3642 1077 3728 dilatata
1103 3645 1212 3750 fuit,
1241 3666 1280 3729 et
1308 3647 1510 3732 Ecclesiae
1535 3642 1797 3747 coadunatae,
1827 3664 1866 3726 et
1893 3669 1987 3723 cou-

310 3783 440 3863 stituti
467 3811 538 3894 per
566 3779 755 3868 Civitates
783 3771 973 3896 Episcopi
1001 3781 1019 3899 (
1046 3781 1074 3902 l.
1103 3783 1356 3872 lombardus
1385 3815 1551 3902 quoque
1581 3806 1628 3867 ut
1650 3781 1860 3897 ¹Melphicti
1888 3779 1989 3864 anti-

416 4156 472 4256 (r)
490 4160 617 4232 Mirum
634 4172 681 4231 est
698 4163 788 4233 rinos
803 4161 994 4262 ceteroquin
1006 4161 1139 4256 doctos,
1156 4170 1190 4232 et
1208 4150 1509 4227 Eedesiastiearum
1526 4175 1638 4224 rerum
1656 4147 1746 4220 haud
1771 4148 1912 4245 ignaros,
1932 4143 1993 4221 illo

314 4282 348 4354 in
373 4306 481 4355 errare
505 4283 617 4378 fuisse,
632 4299 669 4360 nt
685 4288 905 4362 existimarent
921 4289 973 4362 his
989 4290 1106 4362 nostris
1122 4291 1154 4362 in
1171 4280 1374 4382 Regionibus
1390 4273 1804 4374 ScdiumEpiscopalium,
1818 4289 1856 4349 ut'
1880 4275 1989 4372 aiunt,

317 4410 563 4486 multitudinem
590 4415 799 4508 Graecarum
824 4417 1089 4493 Patriareharum
1113 4413 1254 4520 parpim,
1281 4409 1403 4508 partini
1426 4408 1525 4480 etiarn
1547 4406 1778 4480 Romanorum
1797 4405 1993 4481 Pontificum

318 4540 492 4615 ambitioni
516 4539 725 4618 tribuendam
751 4571 848 4634 esse;
877 4573 919 4620 ex
945 4574 1051 4648 eoque
1075 4545 1140 4620 sibi
1153 4537 1385 4639 persuaderent
1412 4534 1568 4634 plurimas
1593 4533 1805 4634 Episcopules
1829 4534 1918 4608 sedes
1944 4559 1999 4604 re·

324 4670 488 4765 sentiaris,
499 4668 587 4744 haud
613 4697 693 4745 vero
718 4673 959 4774 antiquissimae
984 4673 1115 4773 originis
1132 4695 1214 4762 esse,
1230 4691 1332 4766 eaque
1356 4663 1399 4737 ad
1425 4663 1721 4766 tempora,quibns
1748 4662 1881 4732 Latinos
1907 4659 1993 4734 inter

324 4807 358 4870 et
381 4794 526 4872 Graecos
551 4798 721 4876 dissidium
745 4811 872 4900 ortum,
900 4798 1079 4876 barbaricis
1103 4800 1233 4876 scilicet
1251 4791 1465 4899 sacculisesse
1489 4793 1684 4869 referendas.
1712 4787 1800 4861 Istud
1827 4785 1924 4860 edam
1950 4809 1995 4860 cx
