4914 6610
1063 565 1237 683 (aaa)

322 723 367 813 ll.
395 729 575 820 fonradi
604 755 748 844 corpus
776 759 795 815 a
827 731 1177 845 blelpltictcnsibus
1215 725 1431 846 possideri,
1474 733 1645 852 gradum
1673 731 1870 817 iaciamus.
1901 729 1997 842 Epi·

326 891 469 989 scopus
499 873 609 962 idem
638 875 790 960 anius
819 881 861 961 in
889 880 1093 990 prooemio
1122 879 1231 978 eius,
1261 905 1383 988 quana
1412 880 1576 988 scripsit,
1591 877 1773 960 historiae
1794 870 1993 955 Ecclesiae

317 1020 359 1101 ⁴S.
390 1021 539 1106 blaciae
566 1018 621 1103 de
649 1016 899 1128 Martyribus
928 1045 1053 1128 prope
1082 1013 1348 1128 Melpliictntn
1387 1015 1474 1132 (de
1503 1047 1581 1131 qua
1610 1017 1704 1100 alias
1732 1007 1885 1125 plura)
1914 1041 1999 1092 ma·

322 1163 463 1250 nileste
491 1181 687 1246 memorat
714 1156 990 1242 venerabilem
1018 1156 1229 1272 reliquium
1257 1162 1404 1272 integri
1430 1164 1604 1272 corporis
1636 1159 1676 1244 S.
1706 1151 1889 1242 conradi
1910 1153 2000 1266 plu·

324 1301 440 1389 ribus-
462 1307 518 1394 ab
547 1303 642 1390 inde
671 1301 840 1386 sacculis
874 1298 1084 1412 Melpln'cti
1112 1301 1276 1385 Patroni
1303 1318 1341 1384 ct
1371 1301 1616 1390 Retectoris.
1636 1299 1783 1384 Contra
1803 1325 1898 1378 vero
1927 1295 2001 1378 hoc

321 1457 437 1542 Bovii
475 1449 746 1536 testimonium
785 1439 889 1528 illud
926 1444 1042 1527 obiici
1074 1445 1246 1551 poterit,
1284 1443 1396 1558 qnod
1434 1476 1527 1530 cum
1564 1445 1659 1528 haec
1696 1439 1868 1524 Historia
1898 1467 2001 1520 anno

322 1585 605 1677 ttncxxxv
632 1585 800 1698 Neapoli
830 1582 1053 1696 prodierit,
1081 1580 1226 1665 scilicet
1254 1605 1543 1694 postmortem
1572 1583 1759 1695 Episcopi
1788 1584 1896 1664 annis
1928 1602 2001 1662 tre-

223 1717 230 1728 *
313 1731 481 1835 decim,
510 1725 622 1813 facile
651 1733 742 1842 quis
771 1729 957 1838 suspicari
985 1732 1129 1840 poterit
1157 1723 1208 1806 ab
1238 1725 1407 1834 Editore
1435 1727 1652 1810 Historiam
1673 1725 1792 1808 fuisse
1831 1727 2004 1835 interpo-

324 1849 477 1973 latam,
507 1877 682 1958 maxime
711 1849 824 1984 quod
852 1861 974 1954 dictio
991 1866 1072 1951 illa
1101 1870 1250 1980 integri
1275 1871 1450 1981 corporis
1465 1871 1745 1952 affectationem
1777 1865 1999 1979 qnamdam

325 2023 459 2132 sapiat.
489 2013 617 2098 Bovio
645 2013 687 2093 in
715 2009 959 2122 Episcopatu
995 2008 1179 2092 successit
1213 2004 1259 2086 F.
1287 2005 1534 2115 Hyacinthus
1561 2009 1772 2094 Petronius
1801 2038 1849 2090 ex
1889 2009 2004 2092 Prae·

328 2164 551 2246 dicatorum
594 2152 794 2256 Familia,
841 2154 1005 2264 eiusque
1052 2149 1266 2260 auspiciis,
1310 2166 1350 2230 et
1388 2154 1540 2233 nomini
1577 2149 1704 2236 dicata
1734 2149 1893 2234 historia
1923 2151 1999 2234 itta

326 2310 368 2389 in
397 2301 530 2384 lucem
559 2293 720 2409 prodiit.
749 2291 812 2376 An
842 2321 937 2373 vero
973 2287 1204 2402 putabimus
1232 2288 1465 2374 huiusmodi
1492 2293 1675 2377 historiae
1713 2293 1910 2380 editorem
1939 2325 2003 2378 co·

326 2469 413 2527 ram
442 2439 646 2551 Episcopo
675 2454 715 2519 et
752 2431 883 2544 palam
922 2431 1135 2511 mentitum
1178 2426 1298 2514 fuisse
1333 2452 1429 2516 tunc
1468 2464 1562 2518 curn
1600 2440 1799 2557 integrum
1832 2438 2000 2520 civitatis

328 2583 488 2671 Patroni
526 2605 668 2690 corpus
705 2568 1109 2682 aMelplrictensibus
1135 2567 1327 2680 possideri
1355 2569 1615 2660 adfirmavit?
1597 2507 1707 2665 tsi
1736 2614 1832 2669 vero
1862 2589 1997 2697 potins
2057 2669 2059 2674 ,

327 2717 548 2808 dicendum
578 2718 755 2828 corporis
782 2717 824 2797 in
852 2712 1092 2824 hypogaeo,
1121 2706 1233 2821 qnod
1263 2731 1382 2796 tnnc
1377 2736 1497 2819 erat,
1525 2714 1771 2808 Cathedralis
1800 2725 2002 2811 Ecclesiae

324 2895 373 2949 ex
401 2863 616 2977 ignorantia
646 2857 880 2942 memoriam
911 2851 1031 2936 luisse
1058 2847 1332 2959 obliteratam,
1361 2875 1401 2937 et
1428 2851 1485 2939 ibi
1514 2878 1645 2968 postea
1674 2891 1818 2978 corpus
1847 2873 2000 2986 quaesi-
2092 2935 2100 2952 .

326 3025 447 3105 tum,
463 3021 503 3085 et
530 2995 777 3082 inventum?
760 2991 927 3079 teano
956 2993 1064 3075 enim
1093 2991 1238 3074 certius
1265 3011 1324 3074 est
1351 2995 1593 3108 ignorantiae
1621 3005 1852 3092 tenebras
1841 3041 1882 3094 m
1912 3018 2000 3128 qui·

325 3144 401 3228 bus
429 3138 721 3268 Melplrictensis
749 3134 898 3221 iacebat
926 3129 1132 3233 Ecclesia,
1161 3124 1435 3218 doctissimum
1464 3135 1639 3226 Bovium
1668 3149 1847 3257 primum
1876 3181 1998 3265 expu-

329 3285 429 3369 lisse.
457 3264 497 3365 E
527 3283 628 3364 vivis
655 3280 843 3362 Petronio
873 3273 1031 3358 sublato
1060 3267 1098 3385 (ι
1084 3270 1121 3388 ι)
1149 3264 1202 3351 ad
1231 3265 1557 3381 Melphictensem
1587 3281 1875 3400 Episcopatum
1893 3297 2005 3378 venit

330 3426 498 3511 loannes
526 3421 699 3505 'lbomas
727 3415 916 3502 Pinellius
945 3445 994 3501 ex
1022 3411 1307 3505 'Ilteatinornm
1336 3418 1532 3534 praeclara
1560 3421 1727 3530 sensilia,
1756 3427 2003 3516 cathedram·

327 3593 408 3679 que
436 3566 565 3650 tenuit
592 3592 720 3676 usque
748 3560 800 3646 ad
828 3590 980 3646 annum
1009 3555 1281 3644 MDCLXVI.
1299 3557 1476 3644 Eovero
1494 3559 1556 3646 ¹ad
1574 3563 2004 3681 AlbigaunensemEc·

328 3701 489 3786 alesiam
521 3701 735 3806 translato,
764 3701 1057 3813 Melphictensis
1085 3700 1306 3813 Episcopus
1336 3696 1414 3783 fuit
1433 3707 1681 3790 renunciatus
1704 3704 1740 3788 F
1740 3713 1932 3795 ranciscus
1951 3708 2004 3796 de

327 3843 502 3926 Masinis.
531 3843 593 3925 De
622 3840 698 3925 hoc
724 3841 927 3953 Episcopo
956 3843 998 3924 in
1027 3837 1299 3926 additionibus
1330 3845 1382 3931 ad
1410 3843 1646 3961 Ughellium
1674 3843 1781 3930 illud
1810 3875 2003 3934 memora-

328 4006 415 4089 tur,
443 3986 726 4098 recognovisse·
743 3979 889 4066 scilicet
924 3985 969 4063 in
1004 4011 1079 4064 sua
1114 3981 1351 4068 Cathedroli
1383 3989 1536 4100 Corpus
1566 3985 1604 4070 S.
1636 3985 1844 4094 Conrada‘,
1873 3977 2000 4108 &pne

328 4130 414 4208 eins
443 4128 703 4209 veneratione
724 4126 896 4234 posteris
919 4121 1094 4237 publicis
1121 4126 1264 4211 tabulis
1294 4129 1503 4210 annasse.
1534 4123 1574 4208 N
1576 4127 1682 4212 ullus
1711 4134 1784 4213 erit
1811 4126 2001 4218 dubitan-

328 4262 371 4348 di
401 4265 511 4348 locus
539 4268 800 4348 narrationem
831 4268 945 4348 istam
974 4296 1022 4348 ea
1051 4267 1098 4348 iis
1127 4291 1350 4378 excerptam
1379 4273 1605 4382 actis,qnae
1628 4265 1737 4377 apud
1757 4267 2003 4360 Damiannm

329 4407 525 4524 leguntur.
555 4409 620 4491 Ex
649 4408 708 4491 liis
737 4411 847 4492 enim
876 4407 1062 4509 habetur,
1091 4406 1368 4493 Cathedralem
1397 4407 1614 4492 Ecclesiam
1634 4409 1816 4494 -visitanti
1855 4417 2003 4524 episco-

433 4771 736 4886 (1)ancntiusin
754 4770 977 4848 additionibus
993 4773 1034 4848 ad
1053 4769 1247 4894 Ugltellimn
1273 4799 1340 4846 iton
1371 4775 1443 4846 sinc
1466 4775 1586 4846 veneni
1611 4764 1795 4872 suspicione
1829 4786 2001 4846 mortuum

331 4896 527 5024 Petronium
553 4913 677 5033 narrat.
707 4899 786 4992 Quo
811 4927 890 4978 vero
915 4837 1129 5038 fiandameulo
1155 4902 1250 4974 nixus
1276 4901 1309 4974 id
1336 4898 1473 4998 dixerit,
1505 4927 1634 5002 prorsus
1669 4908 1816 5036 ignorare
1842 4899 1995 4970 latemur.
