4870 6630
1239 533 1417 654 (1⁰4)

598 1137 832 1248 Quesumus
861 1138 1111 1247 omnipotens
1133 1131 1240 1216 deus
1267 1111 1418 1218 istituta
1447 1127 1699 1242 providentia
1728 1147 1794 1216 tue
1830 1126 1965 1214 favore
2000 1136 2158 1218 nomita-

481 1315 534 1370 re.
562 1301 604 1367 et
633 1308 735 1395 quos
766 1279 940 1396 legitima
968 1277 1150 1362 societate
1177 1278 1344 1361 conectis
1373 1271 1542 1389 longeva
1571 1303 1666 1387 paoe
1693 1268 1850 1360 custodi
1877 1268 1949 1390 (1).

569 2925 628 3032 (r)
652 2927 694 3002 Iu
723 2923 867 3022 Missali
904 2927 1080 3002 Mamali
1111 2927 1245 3028 insignis
1278 2925 1447 3004 Ecclesiae
1480 2905 1690 3004 'Runestinae
1724 2928 1793 3005 500
1834 2953 1998 3006 annorum
2022 2931 2139 3030 legitur

472 3061 591 3138 Missa
617 3059 670 3136 ad
690 3048 865 3158 sponsum
888 3051 1194 3154 benedicendam·
1219 3085 1304 3162 quae
1327 3057 1497 3161 aliquibus
1521 3073 1648 3136 tantum
1672 3059 1814 3158 exceptis
1837 3057 2047 3135 fere'eadem
2076 3078 2147 3156 est,:

472 3219 510 3268 ac
533 3218 620 3295 quae
643 3171 748 3268 hodie
772 3190 809 3262 in
834 3187 958 3265 Mimli
982 3188 1137 3263 Romano
1162 3187 1315 3264 hahetur.
1334 3167 1484 3291 Epistola
1508 3217 1587 3266 vero
1603 3189 1648 3264 ab
1674 3189 1730 3262 illo
1747 3186 1896 3287 Apostoli
1912 3186 1955 3260 ad
1972 3189 2087 3262 Corin.
2111 3205 2146 3252 ···-'

471 3319 635 3395 Nescitis
659 3327 749 3422 quia
772 3319 930 3422 ὀονρονα
955 3335 1076 3398 uestra
1101 3329 1168 3393 etc.
1196 3331 1305 3392 urmta
1330 3328 1405 3411 est,
1432 3329 1470 3391 ut
1493 3318 1595 3392 etiam
1617 3320 1653 3392 in
1678 3317 1749 3392 aliis
1780 3317 1919 3418 antiquis
1945 3315 2030 3390 Mss.
2058 3314 2145 3413 apud

466 3448 672 3520 Marteuium
712 3444 844 3546 legitur.
875 3445 971 3519 Cum
1016 3470 1097 3522 vero
1130 3442 1264 3526 Musula
1303 3443 1494 3525 Βοωειιιιω
1537 3445 1734 3522 hodiernum
1767 3445 1949 3545 praecipiat
1985 3457 2061 3544 post
2097 3441 2145 3514 di·

466 3591 557 3654 ctum
582 3573 703 3650 Pater
725 3592 850 3652 noster
873 3587 908 3648 et
935 3589 1113 3677 antequam
1137 3571 1267 3648 dicatur
1294 3569 1425 3646 Libera
1442 3597 1509 3647 nos
1525 3576 1656 3648 recitari
1672 3572 1914 3648 Benedictionis
1931 3577 2140 3680 Qrationem,

463 3710 499 3782 in
520 3703 704 3780 Bubastino
731 3717 844 3779 contra
873 3704 956 3778 haec
980 3703 1099 3804 legitur
1123 3705 1272 3790 Rubrica
1290 3729 1327 3778 a
1341 3705 1530 3804 Antequam
1580 3700 1706 3776 dicatur
1730 3702 1826 3776 Pax
1850 3701 2003 3780 Domini
2026 3706 2144 3779 dicitur

463 3833 526 3906 alte
551 3828 805 3906 honoratio:
837 3829 962 3911 similis
992 3835 1092 3908 etiam
1130 3837 1366 3932 praescribitur
1399 3837 1479 3909 ritus
1512 3833 1547 3904 in
1588 3827 1709 3902 missali
1744 3829 1956 3927 Gelosiano,
2000 3847 2034 3908 et
2078 3835 2146 3908 aliis

462 3959 703 4063 antiqniusimis.
732 3961 847 4034 Oratio
873 3960 941 4059 ipsa
965 3957 1083 4036 eadem
1107 3975 1155 4036 est
1180 3992 1219 4064 aa
1242 3991 1330 4068 quau
1353 3963 1509 4062 recitatur
1533 3959 1646 4044 hodie.
1675 3960 1806 4035 Verum
1830 3985 1869 4033 ea
1891 3959 1983 4032 linita
2006 3986 2144 4062 sequen

465 4092 510 4162 tia
535 4087 760 4165 Ruhastiuum
784 4087 883 4162 habet
900 4115 937 4164 :a
967 4085 1067 4163 Tunc
1092 4085 1254 4166 Sacerdos
1277 4118 1338 4191 per
1361 4089 1531 4165 dexteram
1556 4113 1691 4162 manum
1733 4111 1889 4186 sponsam
1922 4085 2146 4185 apprehendat

461 4227 493 4286 et
517 4212 624 4292 tradat
647 4242 722 4292 eam
747 4241 870 4315 sponso
895 4228 929 4291 et
952 4215 1040 4290 dicat
1055 4240 1092 4284 .-.·.
1123 4217 1164 4296 Iu
1190 4223 1324 4294 nomine
1348 4220 1448 4317 patris
1473 4229 1506 4288 et
1530 4213 1620 4308 lilii,
1646 4226 1680 4287 et
1703 4215 1837 4312 spiritus
1860 4219 1975 4294 munti.
2005 4216 2142 4290 Auaodo

462 4347 503 4418 sit
525 4369 610 4417 uxor
634 4359 694 4419 tua
718 4344 792 4418 ideo
817 4358 925 4422 nuens
949 4372 1026 4420 eam
1050 4348 1134 4421 sicut
1158 4346 1309 4422 Christus
1334 4345 1447 4420 dilexit
1469 4345 1663 4420 Ecclesiam.
1692 4343 1863 4418 abstinete
1887 4344 2131 4439 budisslaus,

461 4489 493 4547 et
518 4471 607 4547 aliud
631 4495 704 4545 cras
722 4497 759 4548 :a
789 4473 907 4548 Postea
932 4475 1105 4549 revertitur
1129 4473 1173 4550 ad
1195 4473 1296 4549 altare
1319 4491 1354 4551 et
1369 4477 1466 4551 ‘dicat
1496 4513 1533 4562 a
1561 4501 1624 4574 pax
1649 4473 1774 4548 domui
1798 4473 1839 4548 sit
1864 4499 1991 4572 semper
2023 4472 2135 4548 vob'u·

460 4627 587 4678 eum:
601 4599 729 4676 Deinde
754 4601 880 4703 absque
897 4601 968 4678 aliis
993 4603 1194 4710 orationibus
1217 4608 1252 4680 in
1277 4603 1461 4680 Rubastino
1485 4602 1648 4678 adduntur
1677 4601 1888 4679 Communia
1904 4615 1936 4676 et
1956 4618 2139 4704 postcom·

461 4725 906 4811 runninviduidusclar.
934 4735 1117 4813 Malanios
1140 4737 1185 4810 'de
1210 4736 1333 4840 Antip.
1359 4733 1467 4810 Eccl.
1496 4719 1558 4809 rit.
1587 4731 1648 4807 lib.
1676 4731 1710 4805 1.
1738 4757 1812 4832 cap.
1839 4729 1910 4806 tx,
1940 4744 2006 4808 art.
2033 4731 2083 4806 V.
