4870 6630
997 633 1172 752 (¹37)

248 829 267 871 ιι
300 792 425 880 Isthic'
454 825 548 882 cum
577 799 697 884 Caelo
726 793 906 894 maturus
925 829 1025 898 esset
1085 807 1283 893 revisendi
1309 805 1502 899 Bernardi
1531 811 1758 901 desiderio
1773 849 1795 902 e
1838 841 1913 909 ter
1954 863 1958 870 ·

254 964 347 1016 ara
375 957 505 1020 sancta
536 940 693 1026 solvens
712 975 868 1066 ,aegro
897 959 976 1042 iam
1007 995 1175 1092 corpore
1203 944 1395 1047 delatus
1385 990 1427 1046 ιιι
1456 952 1672 1100 Apuliam,
1695 955 1844 1066 Barii,
1871 991 1917 1045 ιι-

249 1103 268 1144 r
302 1074 426 1161 biD.
455 1073 608 1166 Nicolai
645 1113 790 1200 corpus
819 1092 964 1182 celebri
995 1085 1209 1190 hominum
1237 1127 1455 1206 concursu,
1495 1091 1535 1184 et
1579 1107 1826 1187 veneratione
1856 1130 1919 1185 co·

250 1257 268 1299 ιι
301 1221 416 1326 litur,
446 1225 549 1308 vitae
578 1229 805 1314 innocenter
833 1257 940 1322 actae
969 1237 1093 1328 linem
1122 1245 1386 1354 imposuit:
1344 1240 1613 1326 *Henricus
1642 1263 1751 1354 pater
1781 1242 1854 1330 filu
1881 1275 1919 1328 e

249 1400 268 1441 ιι
301 1367 463 1478 xemplo
492 1399 706 1454 monacum
734 1372 897 1486 induit,
926 1386 1121 1472 incertum
1151 1413 1234 1499 quo
1262 1412 1366 1466 anno
1394 1401 1468 1466 etc.

249 1645 513 1736 Clarissimus
541 1686 692 1773 quoque
722 1663 764 1745 P.
794 1665 1029 1751 Matthaeus
1058 1653 1247 1750 liederus
1276 1665 1480 1750 Societatis
1508 1667 1659 1751 lesuin
1678 1668 1831 1779 Opere,
1861 1673 1927 1752 cui

333 1789 466 1874 titulus
495 1791 657 1880 Bavaria
686 1797 823 1885 Sancta
853 1803 904 1887 de
932 1827 1064 1894 nostre
1094 1809 1238 1912 Beato,
1266 1839 1368 1927 qrtae
1396 1823 1638 1922 sequuntur,
1666 1838 1734 1890 50?
1733 1812 1837 1920 ‘'1²³¹'st

283 2165 291 2182 ,
355 2059 383 2152 γιι
416 2075 624 2165 Conradns
652 2115 699 2167 ex
729 2086 970 2175 nobilissima
999 2115 1039 2176 et
1067 2097 1340 2210 antiquissima
1371 2086 1659 2199 Guelphomm
1687 2092 1808 2201 stirpe
1837 2121 1925 2202 pro

255 2247 273 2290 r
306 2213 428 2299 fectus
457 2242 608 2330 patrem
647 2224 784 2309 habuit
813 2227 1063 2342 Henricum,
1103 2241 1175 2351 qui
1220 2231 1468 2344 Guelphonis
1497 2229 1621 2313 Ducis
1641 2227 1826 2315 Bavariae
1855 2265 1918 2318 co·

257 2390 275 2434 »
307 2369 521 2473 gnomento
549 2361 690 2470 Quarti
726 2365 834 2453 iilius
863 2369 961 2458 fuit:
1006 2376 1144 2462 fratres
1173 2377 1422 2483 Henricum,
1453 2397 1494 2462 et
1513 2375 1821 2489 Guelphonem,
1847 2406 1916 2501 ,so-

252 2529 271 2572 ιι
304 2517 410 2584 rores
445 2506 495 2591 Iu
506 2504 687 2612 dictam,
727 2507 989 2620 Vuliildam,
1030 2515 1240 2603 Matildam
1281 2535 1320 2599 et
1358 2517 1557 2631 Sophiam.
1596 2503 1802 2602 Conradus
1843 2520 1923 2630 pri-

253 2673 272 2716 »
304 2659 421 2724 mum
466 2645 668 2732 literatum
705 2654 935 2737 tirocinium
974 2580 1084 2742 domi
1124 2660 1288 2769 posuit,
1333 2680 1373 2744 et
1410 2689 1504 2743 cum
1544 2662 1623 2741 iam
1660 2688 1708 2740 ex
1745 2657 1923 2768 Ephehis

252 2814 271 2856 ιι
305 2789 543 2890 excessisset,
572 2787 778 2872 Coloniam
808 2793 1070 2906 Agrippinam
1099 2797 1151 2882 ad
1182 2805 1373 2884 maiorem
1402 2798 1546 2912 ingenii
1576 2793 1731 2877 cultum
1767 2799 1919 2906 capien-

195 3017 202 3028 .
251 2957 271 2998 ιι
303 2919 405 3005 dum
433 2925 642 3036 profectus,
669 2935 712 3014 in
741 2929 931 3018 Friderici
960 2939 1185 3046 pontilicis,
1215 2940 1302 3023 Viri
1322 2935 1533 3052 splendore
1550 2939 1700 3050 generis
1729 2931 1920 3047 (Tetrar-

252 3103 271 3144 ιι
304 3070 374 3153 cha
403 3075 509 3153 enim
539 3072 818 3157 Foroiuliensis
845 3075 1000 3190 eratlet
1028 3079 1261 3166 eruditionis
1289 3079 1437 3183 laude,
1467 3106 1708 3189 morumque
1728 3076 1918 3191 elegantia

253 3239 272 3282 u
304 3211 532 3317 clarissimi,
561 3211 809 3326 disciplinam
839 3222 1033 3304 concessit.
1062 3219 1250 3333 Cumque
1278 3220 1333 3350 ob
1369 3217 1570 3304 doctrinae
1598 3207 1850 3329 proiectum,
1880 3239 1920 3306 et

253 3385 272 3429 ιι
302 3351 493 3460 inclytam
523 3357 721 3437 maiorum
750 3355 941 3490 familiam
970 3367 1162 3445 maximos
1191 3343 1345 3497 sperare
1372 3359 1541 3442 honores
1569 3379 1714 3468 posset,
1730 3359 1919 3468 caelestia,

253 3529 271 3570 ιι
302 3511 343 3578 et
370 3517 522 3578 aeterna
552 3502 685 3580 animo
713 3529 804 3584 vere
833 3483 941 3616 regie
970 3503 1218 3617 complexae,
1247 3501 1379 3582 omnia
1408 3489 1650 3612 fugientium
1688 3489 1921 3644 honorum,

254 3671 272 3712 ιι
304 3654 343 3716 et
372 3635 573 3719 honorum
603 3643 780 3722 nemina
781 3639 1044 3756 ,fumosque
1079 3662 1119 3724 et
1155 3642 1317 3724 umbras
1361 3640 1628 3747 contempsit,
1672 3666 1834 3751 seseque
1873 3638 1924 3723 ad

255 3811 273 3852 ιι
303 3773 462 3859 Claram
492 3777 680 3882 Vallem,
709 3780 780 3864 uhi
810 3779 853 3864 id
883 3782 959 3866 loci
988 3785 1118 3867 Divus
1146 3811 1310 3896 quoque
1338 3776 1564 3863 Bernardus
1606 3807 1733 3861 sacrae
1762 3777 1927 3862 militiae

254 3951 273 3993 ιι
305 3893 580 4000 rudimentum
608 3917 717 4029 apud
746 3917 981 4007 Cistercium
1010 3928 1226 4033 inceperat,
1244 3919 1428 4004 contulit
1462 3917 1540 4001 llio
1569 3914 1923 4002 Conradushausta

255 4091 274 4134 ιι
307 4054 529 4170 Religione,
558 4085 720 4142 eumer
759 4059 912 4146 diutina
949 4063 1206 4148 meditatione
1234 4063 1344 4144 miris
1387 4055 1542 4143 visendi
1578 4054 1780 4139 Christi
1768 4087 1926 4144 rnouna

255 4229 274 4274 ιι
306 4190 422 4302 bula,
442 4217 481 4280 et
500 4199 696 4282 theatrum
725 4179 1013 4284 immortalium
1030 4229 1199 4312 operum
1228 4205 1406 4284 incensus
1434 4195 1638 4284 desideriis
1665 4196 1840 4304 arderet,
1869 4201 1928 4284 Ie

253 4385 272 4426 ιι
303 4343 547 4451 rosolymam
575 4327 914 4452 supplicabundus
961 4331 1074 4451 petiit
1116 4361 1157 4423 et
1198 4343 1331 4423 omnia
1360 4371 1383 4422 a
1411 4338 1570 4424 Christo
1622 4335 1842 4423 divinitatis
1889 4363 1929 4426 et

258 4521 277 4564 ιι
308 4457 561 4570 humanitatis
603 4484 820 4590 impressa,
858 4507 961 4594 quae
999 4478 1163 4594 reliquit
1200 4486 1243 4564 in
1282 4473 1396 4563 terris
1425 4483 1609 4595 vestigia,
1647 4480 1928 4584 exosculatus,

256 4661 275 4704 ιι
307 4624 401 4711 inde
436 4651 478 4708 se
516 4627 557 4706 in
599 4619 857 4736 solitudinem
893 4619 1092 4727 contulit,
1121 4611 1193 4706 'ubi
1229 4622 1487 4732 provectioris
1530 4641 1666 4708 nactus
1703 4624 1838 4706 aetatis
1874 4621 1929 4706 A,

264 4802 283 4844 ιι
316 4786 486 4866 scetem,
529 4763 676 4875 caepit'
699 4759 760 4844 illi
803 4760 915 4844 velut
952 4757 1210 4863 administer,
1258 4781 1298 4842 et
1325 4758 1543 4902 discipulus
1590 4756 1740 4846 infimis
1779 4761 1918 4844 officiis

252 4941 270 4984 ιι
283 4881 520 5008 inservire,
548 4904 757 4990 necessaria
784 4889 1112 5006 subministrare,
1149 4905 1405 5016 'vicissimque
1410 4893 1676 4986 Christianae
1714 4897 1922 5010 professio·

40 5066 77 5114 ν·
257 5081 276 5130 ιι
309 5052 368 5132 nis
396 5065 598 5159 praecepta
626 5042 676 5127 ab
704 5042 775 5130 illo
804 5042 990 5149 haurire,
1019 5037 1089 5128 sed
1117 5035 1343 5128 valetudine
1373 5061 1572 5236 mugetus,
1603 5036 1746 5119 institit
1781 5031 1834 5180 de
1865 5065 1923 5136 re-

1408 5185 1423 5242 ι

15 5585 385 5848 “u-‚V

249 5867 277 5970 l
