4884 6692
481 783 500 826 »
532 767 711 855 vesperas
739 734 919 823 similiter
948 722 1157 845 usquead
1194 729 1452 842 antiphonam
1479 721 1583 809 beati
1610 715 1805 832 Stephani.
1835 711 1885 802 ln
1911 713 2011 800 festo
2050 714 2156 803 beati

482 925 501 965 »
534 884 720 998 Stephani
750 877 993 964 vestimentis
1022 870 1155 956 rubeis
1182 897 1322 956 omnes
1350 898 1481 985 usque
1508 864 1561 951 ad
1587 861 1847 977 antiphonam
1884 858 1989 946 beati
2016 857 2158 948 Iohan-

484 1067 502 1107 »
535 1031 595 1111 nis
623 1018 940 1136 Apostoli,albis
968 1019 1211 1102 vestimentis
1239 1041 1378 1098 omnes
1405 1037 1533 1126 usque
1560 1004 1614 1091 ad
1632 1005 2052 1091 commemorationem
2070 1033 2156 1090 san·

485 1213 502 1254 »
535 1193 693 1260 ctorum
720 1162 992 1249 innocentium
1019 1177 1058 1243 et
1086 1177 1182 1242 tttnc
1210 1183 1306 1240 cum
1334 1150 1467 1238 rubeis
1494 1148 1752 1236 vestimentis·
1783 1142 1832 1234 In
1860 1152 2157 1236 circumcisione

485 1349 503 1389 »
535 1310 690 1396 domiui
719 1304 842 1388 nostri
870 1298 1060 1386 festivitas
1087 1301 1190 1382 sicut
1217 1299 1260 1379 in
1289 1313 1403 1380 nocte
1430 1293 1642 1378 nativitatis
1670 1321 1767 1378 cum
1795 1292 1935 1403 pannis
1948 1292 2080 1407 nigris
2109 1285 2159 1378 ln

486 1447 741 1563 »epiphania
779 1439 934 1526 domini
977 1459 1067 1525 ante
1110 1435 1231 1522 altare
1273 1463 1426 1548 pannus
1454 1433 1602 1521 celestis
1636 1499 1647 1540 ‚
1701 1453 1742 1518 et
1793 1433 1928 1516 omnia
1973 1433 2049 1517 alia
2095 1463 2170 1518 ve.

488 1635 505 1670 »
538 1595 720 1678 stimeuta
766 1587 843 1668 sint
890 1577 1069 1664 eiusdem
1106 1575 1274 1678 eoloris,
1317 1596 1450 1658 tamen
1481 1574 1730 1691 evangelium
1742 1575 1914 1691 factem
1940 1593 2000 1660 est
2027 1591 2160 1660 atatem

489 1776 507 1813 »
539 1752 714 1822 cantetur
744 1755 838 1812 cum
867 1720 1111 1828 vestimentis
1142 1713 1347 1802 deauratis
1376 1715 1526 1804 Omnes
1563 1715 1843 1806 sollemnitates
1890 1721 2002 1808 beate
2036 1720 2160 1805 Maria

487 1915 507 1964 ,»
541 1906 635 1962 cum
663 1873 802 1986 pannis
830 1885 870 1949 et
899 1862 1075 1948 vestibus
1103 1861 1234 1975 nigris
1263 1857 1300 1944 A
1329 1859 1541 1946 Dominica
1569 1863 1854 1974 septuagesime
1871 1889 2001 1980 usqne
2020 1865 2061 1946 in
2076 1889 2158 1974 pas·

481 2055 509 2122 »
542 2020 650 2100 sione
678 2009 833 2098 domini
861 2009 976 2089 sicuti
1015 2023 1055 2086 et
1093 1995 1270 2085 adventu
1307 2030 1402 2085 cum
1444 1997 1685 2082 vestimentis
1729 2003 1859 2115 nigris
1888 1999 1925 2084 A
1954 2001 2163 2091 Dominica

490 2195 509 2236 »
543 2157 727 2271 passionis
754 2178 883 2263 usque
911 2145 963 2229 ad
991 2143 1210 2228 Sabbatum
1238 2143 1379 2254 pasche
1397 2205 1574 2228 .......
1603 2140 1793 2229 diaconus
1830 2163 1870 2226 et
1897 2143 2161 2232 subdiaconus

491 2335 509 2379 »
542 2295 688 2382 casulas
716 2310 879 2401 excepto
908 2287 1112 2370 dominico
1141 2281 1207 2368 die
1236 2287 1279 2368 in
1307 2285 1427 2370 ramis
1467 2283 1692 2396 palmarum
1708 2306 1748 2370 et
1770 2283 1823 2369 ad
1845 2281 2094 2401 evangelium
2122 2295 2163 2372 c't

493 2475 511 2514 »
544 2434 767 2549 prophetias
794 2427 865 2514 ubi
888 2426 1014 2512 habet
1042 2422 1306 2510 dalmaticam
1363 2484 1843 2509 ........
1880 2424 2006 2509 casula
2036 2425 2157 2510 rubea

382 2585 387 2592 '
492 2618 510 2656 »
544 2581 708 2662 tantum‘
726 2593 767 2656 et
795 2568 847 2653 ad
876 2597 1036 2654 crucem
1079 2561 1424 2679 representandam
1461 2569 1594 2678 cappis
1622 2566 1764 2651 rubeis.
1793 2565 1843 2650 In
1894 2567 2054 2652 sabbato
2090 2599 2156 2682 pa-

492 2755 510 2794 »
543 2719 633 2803 sche
679 2734 769 2796 ante
796 2709 916 2794 altare
944 2737 1098 2820 pannus
1128 2705 1276 2792 rubeus
1304 2704 1511 2820 usquead
1539 2706 1639 2790 kirie
1665 2706 1812 2794 eleison
1849 2729 1889 2791 et
1917 2729 2015 2793 tunc
2041 2741 2161 2824 pona·

493 2897 511 2936 »
545 2883 610 2944 tur
638 2856 761 2940 albus-
779 2881 933 2966 pannus
961 2871 1001 2934 et
1028 2827 1080 2934 tle
1109 2869 1238 2934 cetero
1265 2849 1463 2959 usquein
1491 2850 1710 2931 ascensione
1724 2839 1727 2846 ’
1740 2844 1897 2932 domini
1934 2881 2031 2936 cum
2064 2853 2161 2939 albis

490 2997 719 3084 »vestibus
747 3021 884 3079 omnes
914 2990 989 3073 nisi
1019 2988 1151 3104 aliqua
1181 2988 1368 3074 festivitas
1396 2993 1639 3093 occurrerit,
1667 2991 1777 3074 etin
1825 2995 2044 3105 ascensione
2095 2992 2164 3080 do-

498 3177 516 3218 »
551 3142 649 3224 mini
678 3157 767 3220 ante
783 3135 917 3220 ¹altare
946 3161 1103 3246 pannus
1132 3130 1281 3232 celestis
1309 3154 1349 3217 et
1376 3117 1521 3216 omnia'
1537 3135 1769 3216 vestimenta
1808 3131 1987 3218 eiusdem
2017 3133 2160 3224 coloris

499 3319 515 3356 »
548 3289 649 3369 sicut
677 3283 722 3362 in
750 3275 958 3388 epiphania
987 3265 1151 3355 domini.
1182 3268 1231 3356 In
1259 3293 1392 3356 sancto
1435 3269 1501 3356 die
1539 3292 1777 3386 pentecostes
1826 3283 1982 3386 pannus'
2017 3277 2161 3360 rubeus

501 3461 519 3498 »
552 3445 640 3504 ante
669 3421 787 3502 altare
815 3437 855 3500 et
882 3411 1271 3524 omnestnduuntur
1330 3411 1503 3498 vestibus
1545 3413 1677 3497 rubeis
1719 3431 1760 3494 et
1798 3414 1839 3496 in
1877 3413 1944 3498 die
1992 3419 2169 3502 trinitatis

501 3599 519 3638 »
551 3525 739 3645 sinliliter.
750 3557 806 3638 Et
834 3557 876 3638 in
904 3555 1105 3638 nativitate
1132 3551 1236 3636 beati
1264 3548 1449 3638 lobannis
1478 3583 1569 3638 curn
1600 3552 1774 3638 vestibus
1802 3552 1921 3659 albim
1950 3579 1989 3640 et
2019 3587 2167 3669 pannus

502 3737 522 3780 »
555 3703 668 3786 albus
698 3717 788 3780 ante
816 3693 936 3776 altare
964 3713 1003 3776 et
1031 3722 1102 3806 per
1131 3711 1230 3776 totas
1268 3713 1431 3778 octavas
1461 3693 1516 3776 Et
1559 3697 1599 3776 in
1640 3691 1847 3780 festivitate
1883 3683 2168 3810 Apostolorum

508 3881 525 3918 »
558 3843 697 3943 Petri,
725 3858 765 3922 et
792 3831 907 3918 Pauli
936 3863 1030 3916 cum
1058 3863 1188 3946 panno
1216 3833 1341 3918 rubeo
1368 3858 1409 3919 et
1437 3839 1678 3920 vestimentis
1716 3833 1894 3921 eiusdem
1933 3840 2081 3926 coloris
2110 3841 2165 3926 Et

502 4019 519 4060 »
552 3987 593 4067 in
620 3979 828 4064 festivitate
856 3998 1010 4060 sanctae
1038 3981 1164 4060 crucis
1193 3979 1235 4060 in
1264 3979 1520 4080 inventione,
1549 3998 1589 4062 et
1615 3980 1657 4059 in
1686 3973 1919 4062 exaltatione
1948 4011 2041 4066 cum
2067 4013 2161 4094 pan-

504 4161 521 4202 »
555 4155 606 4207 no
635 4121 786 4223 urben,
814 4137 854 4202 et
882 4119 1056 4202 vestibus
1086 4117 1218 4202 rubeis
1246 4139 1286 4203 et
1316 4151 1413 4207 crux
1442 4141 1569 4206 sancta
1598 4149 1715 4232 super
1744 4114 1864 4202 altare
1905 4117 1956 4204 ad
1993 4125 2160 4206 missam.

504 4300 523 4339 »
557 4261 605 4348 In
633 4255 733 4347 festo
761 4258 799 4343 S.
827 4257 1027 4343 Michaelis
1057 4289 1151 4344 cum
1180 4253 1311 4372 panno
1339 4261 1470 4346 celesti
1507 4280 1546 4342 et
1573 4259 1761 4345 omnibus
1798 4251 2035 4345 vestimentis
2062 4265 2161 4346 eius

501 4439 520 4478 »
552 4399 647 4487 dem
675 4400 814 4486 coloris
843 4400 959 4483 sleuti
988 4403 1029 4482 in
1058 4397 1264 4511 epiphania
1293 4421 1333 4481 et
1360 4403 1589 4486 ascensione.
1619 4401 1653 4482 F
1653 4403 1825 4498 estivitas
1868 4403 2049 4486 omnium
2077 4431 2161 4486 san-

504 4581 522 4622 »
554 4567 711 4630 ctutum
738 4545 921 4626 omnium
950 4539 1131 4624 colorum
1159 4569 1313 4653 pannus
1342 4537 1494 4646 altaris,
1522 4538 1635 4626 albus
1654 4562 1693 4628 et
1708 4543 1856 4628 rubeus
1886 4538 2104 4628 deauratus
2140 4523 2191 4656 -ul

609 4684 794 4770 Alterum
822 4678 934 4798 quod
962 4681 1029 4766 hic
1057 4704 1369 4780 monumentum
1397 4667 1682 4800 adiungimus,
1709 4683 1903 4799 quodque
1925 4689 2030 4804 circa
2059 4691 2166 4802 prin-

500 4831 650 4946 cipium
678 4823 823 4914 codicis
851 4823 1000 4944 legitur
1027 4845 1087 4910 est
1114 4822 1227 4940 quod
1255 4825 1435 4942 sequitur
1463 4825 1538 4910 hoc
1566 4820 1740 4938 praefixo
1769 4825 1887 4912 titulo
1910 4847 1953 4912 ε
1973 4827 2089 4913 Haec
2106 4846 2163 4910 est
