4914 6610
1229 609 1407 746 (144)

480 813 581 900 quae
610 811 691 868 non
720 779 868 868 fornice
899 801 998 866 tecta
1031 777 1101 865 sed
1129 811 1223 868 arcu
1252 804 1400 884 ornata;
1422 782 1563 866 subtus
1593 811 1687 868 vero
1715 785 1852 868 erciam
1883 783 2048 868 Domini
2079 815 2142 868 no·

440 1031 442 1036 Ι
478 927 550 1007 stri
580 925 670 1008 Iesu
701 922 848 1009 Christi
876 943 1002 1006 statua
1040 926 1186 1007 eminet
1230 920 1283 1006 ad
1321 926 1442 1039 pedes
1470 953 1627 1008 sacrum
1661 925 1821 1009 calicem
1859 925 2046 1009 habentis.
2078 923 2140 1009 Ad

478 1064 599 1152 latera
636 1065 728 1150 hinc
766 1063 859 1152 inde
897 1065 1092 1150 inferioris
1130 1070 1430 1182 contignationis
1467 1062 1553 1149 duo
1591 1061 1746 1149 adstant
1775 1063 1941 1181 Angeli,
1968 1096 2143 1181 qnorum

476 1202 574 1290 alter
601 1196 638 1288 S.
666 1205 840 1292 Crucem
868 1235 992 1286 manu
1021 1227 1174 1320 gestat,
1214 1205 1312 1291 alter
1328 1201 1463 1291 ¹rnarm
1494 1209 1618 1322 tangit
1646 1205 1897 1291 Columnam.
1925 1205 2078 1291 Totum
2105 1238 2143 1293 o·

483 1379 559 1465 pus
587 1352 677 1433 satis
706 1348 848 1431 affabre
877 1344 1125 1437 elaboratum
1153 1365 1242 1449 est,
1271 1367 1311 1430 et
1338 1345 1391 1431 ad
1418 1348 1583 1464 angulos
1611 1377 1748 1432 omnes
1777 1345 2043 1462 piramidibus
2062 1348 2145 1460 plu-

477 1493 619 1589 rimis,
647 1488 732 1571 aliis
762 1484 1020 1600 longioribus,
1049 1482 1134 1566 aliis
1162 1484 1411 1572 brevioribus
1440 1509 1635 1574 ornatum.
1654 1487 1694 1572 N
1697 1501 1774 1576 utto
1802 1493 1845 1572 in
1861 1489 1980 1577 huius
2009 1517 2147 1576 monna

478 1633 602 1715 menti
630 1650 795 1711 aetatem
823 1623 946 1738 paulo
974 1622 1203 1740 diligentius
1232 1628 1532 1740 inquirendum.

590 1777 784 1859 Aeternae
812 1771 1029 1854 'memoriae
1049 1766 1282 1885 'Vigiliensis
1311 1773 1535 1884 Episcopus
1562 1775 1778 1886 Pompeius
1807 1771 2055 1880 Sarnellins,
2084 1779 2146 1859 cui

477 1949 526 2002 ex
562 1915 807 2028 delegatione
835 1909 1127 2022 Illelplaictensis
1154 1911 1346 2024 Episcopi
1375 1915 1441 1998 De
1471 1911 1690 2030 Effectibus
1718 1914 1939 1999 Ecclesiam
1975 1935 2148 2000 nostram

478 2059 651 2146 visitanti
683 2071 994 2138 monumentum
1022 2050 1098 2134 hoc
1126 2050 1204 2133 fnit
1232 2055 1455 2143 exhibitum
1470 2118 1480 2158 ,
1498 2059 1541 2138 in
1556 2055 1655 2138 hanc
1683 2052 1887 2140 descendit
1907 2061 2150 2164 sententiam,

478 2203 728 2287 elaboratum
751 2193 857 2279 illud
885 2193 1004 2278 fnisse
1024 2195 1279 2310 temporibus
1308 2196 1352 2278 F.
1381 2194 1512 2279 Paulli
1541 2228 1589 2297 ex
1619 2201 1825 2300 Minorem
1853 2193 2036 2299 Ordine,
2081 2202 2151 2310 qui

480 2340 757 2456 Episcopalem
786 2333 1025 2420 Cathedram
1054 2335 1260 2447 Melplricti
1290 2341 1331 2421 in
1359 2331 1440 2420 flne
1468 2336 1612 2420 saeculi
1641 2336 1745 2420 XIII
1775 2339 1925 2440 tenuit,
1953 2331 2079 2451 idque
2102 2375 2150 2428 ex

479 2519 527 2574 eo
555 2483 769 2597 probabat,
789 2474 911 2590 qnod
930 2475 1173 2566 Franciscarti
1202 2476 1397 2589 Martyres
1426 2508 1509 2563 non
1546 2480 1622 2560 nisi
1650 2509 1673 2560 a
1703 2475 1958 2566 Franciscano
1989 2482 2150 2596 Episco=

477 2661 531 2744 po
559 2623 696 2710 Induci
725 2639 936 2732 poterant,
967 2635 1007 2698 et
1035 2617 1146 2730 quod
1176 2622 1507 2705 Architectonicae
1535 2623 1627 2702 artis
1656 2617 1823 2724 modae,
1861 2652 1945 2736 quo
1974 2641 2149 2710 construa

479 2794 539 2858 cte
566 2767 717 2865 Turris,
733 2763 1077 2877 Andegavensinm
1106 2771 1283 2873 tempora
1313 2757 1519 2875 indigitare
1548 2755 1760 2842 videretur.
1771 2757 1864 2843 Non
1884 2758 2149 2861 inficiabimur

479 2910 595 3024 plura
623 2907 754 2992 forsan
783 2923 917 2986 contra
945 2900 1212 2985 'eruditissimi¹
1233 2905 1422 3016 Episcopi
1450 2903 1680 2984 sententiam
1709 2901 1827 2986 obiici
1865 2931 2006 3012 posse,
2035 2926 2075 2986 et
2104 2906 2150 2990 it

474 3051 551 3136 lud
580 3055 621 3132 in
650 3047 788 3158 primis
816 3039 928 3156 quod
957 3046 1029 3155 qni
1057 3043 1248 3126 Marocl‘aii
1277 3046 1378 3154 passi
1407 3061 1499 3126 sunt
1527 3039 1722 3148 Martyres
1741 3042 1938 3152 quinque,
1959 3071 2038 3124 non
2057 3045 2148 3130 Sans

476 3207 633 3281 ntorum
660 3185 810 3268 Canoni
849 3177 1059 3292 adscripti,
1097 3185 1169 3265 nisi
1199 3213 1221 3264 a
1249 3183 1366 3268 XJ'sto
1394 3180 1456 3265 IV
1492 3211 1595 3267 anno
1624 3177 1936 3284 MCCCCXLI,
1970 3213 2148 3298 ,cumque

474 3338 517 3419 ht
547 3329 685 3414 nimbo
712 3323 839 3438 quod'
853 3326 1063 3408 sanctitatis
1092 3320 1284 3408 indicium
1304 3333 1410 3427 cst,
1453 3325 1553 3406 circa
1597 3339 1715 3434 caput
1751 3324 1878 3407 ornati
1916 3347 2149 3442 appareant,

475 3473 619 3558 merito
647 3461 928 3548 deducendum
964 3459 1145 3550 videatur
1173 3485 1262 3574 post
1304 3474 1452 3552 annum'
1492 3461 1738 3575 praedictum
1766 3462 1940 3546 Turrem·
1973 3487 2148 3552 nostram

475 3613 593 3697 fnisse
623 3593 861 3690 conflatam.
889 3602 968 3688 Sed
1006 3587 1071 3686 an'
1107 3601 1281 3687 Bararus
1327 3624 1458 3690 nostor
1503 3604 1555 3689 ab
1585 3603 1817 3716 'Apostolica
1861 3601 1962 3688 Sede
2009 3603 2148 3694 Beatus

477 3745 733 3865 appellatus?
771 3745 958 3834 Attamen
993 3746 1178 3830 nimbum
1216 3773 1378 3856 quoqne
1414 3740 1563 3846 habet,
1606 3742 1830 3856 eodemque
1864 3749 2023 3862 penitus
2067 3775 2150 3828 moa

476 3895 551 3995 do,
580 3901 663 4005 quo
691 3887 819 3972 Sancti
849 3885 1067 3996 Apostoli,
1085 3908 1126 3969 et
1154 3883 1437 4004 Evangelittae,
1467 3883 1531 3965 Eo
1569 3887 1694 4000 magis
1712 3887 1830 3998 igitur
1858 3883 2037 3976 Sarnellii
2066 3913 2147 3970 sena

476 4035 596 4116 tentia
623 4022 932 4114 confirmabitur.
949 4025 1110 4110 Revera
1140 4031 1248 4116 enim
1275 4055 1356 4113 non
1382 4027 1457 4116 nisi
1485 4057 1507 4108 a
1545 4024 1802 4109 Franciscano
1831 4023 2032 4139 Episcopo
2070 4027 2145 4112 an

478 4175 636 4260 clesiam
664 4193 837 4261 nostram
868 4185 1024 4280 'regente
1053 4172 1229 4280 permitti
1258 4185 1410 4282 poterat
1438 4187 1484 4248 ut
1511 4164 1758 4274 Martyribus
1776 4165 1855 4259 illis
1878 4166 2058 4262 nondum
2098 4167 2147 4252 ab

477 4316 655 4405 Ecclesia
682 4318 861 4424 receptis
878 4311 994 4399 'veltet
1020 4307 1173 4392 Sanctis
1201 4309 1331 4402 honor
1366 4302 1613 4411 deferretur,
1642 4321 1682 4390 et
1720 4305 1821 4392 forte
1849 4311 1968 4392 etiam
2005 4309 2149 4401 cultus,

464 4452 588 4539 Illud
618 4456 737 4540 etiam
766 4455 874 4536 venit
901 4444 1171 4549 diluendum,
1200 4446 1312 4560 qnod
1339 4443 1486 4534 scilicet
1528 4450 1660 4561 magni
1698 4451 1869 4534 nominis
1898 4447 1986 4538 Viri
2018 4447 2151 4548 'llriere

478 4603 558 4684 sius
586 4594 648 4712 (ι)
676 4615 729 4686 et
746 4592 1021 4690 Graucolasius
1047 4588 1121 4704 (2)
1138 4588 1396 4690 observarunt
1423 4585 1556 4684 multo
1584 4609 1671 4700 post
1708 4588 1911 4688 saeculum
1939 4587 2045 4674 XIII
2064 4620 2151 4672 moa

578 4963 637 5066 (r)
662 4953 713 5038 De
738 4961 804 5064 SS.
833 4959 1058 5040 Eucharistiae
1083 4957 1284 5057 expositione
1307 4971 1375 5054 etc,
1425 5035 1430 5048 ,

518 5093 523 5102 ’
574 5092 632 5208 (a)
658 5093 847 5186 Cotument,
875 5089 1036 5180 iuBret,
1065 5087 1166 5184 Bona.
1196 5081 1255 5180 lib.
1289 5109 1327 5180 a,
