<?xml version="1.0" encoding="UTF-8"?>
<!DOCTYPE html PUBLIC "-//W3C//DTD XHTML 1.0 Transitional//EN"
    "http://www.w3.org/TR/xhtml1/DTD/xhtml1-transitional.dtd">
<html xmlns="http://www.w3.org/1999/xhtml" xml:lang="en" lang="en">
 <head>
  <title>
</title>
<meta http-equiv="Content-Type" content="text/html;charset=utf-8" />
  <meta name='ocr-system' content='tesseract 3.04.00' />
  <meta name='ocr-capabilities' content='ocr_page ocr_carea ocr_par ocr_line ocrx_word'/>
</head>
<body>
  <div class='ocr_page' id='page_1' title='image "./kalendariaveter00giovgoog_0347.png"; bbox 0 0 4914 6610; ppageno 0'>
   <div class='ocr_carea' id='block_1_1' title="bbox 1253 569 1428 684">
    <p class='ocr_par' dir='ltr' id='par_1_1' title="bbox 1253 569 1428 684">
     <span class='ocr_line' id='line_1_1' title="bbox 1253 569 1428 684; baseline 0 -4"><span class='ocrx_word' id='word_1_1' title='bbox 1253 569 1428 684; x_wconf 67' lang='lat'><strong>(224)</strong></span> 
     </span>
    </p>
   </div>
   <div class='ocr_carea' id='block_1_2' title="bbox 498 738 2299 4964">
    <p class='ocr_par' dir='ltr' id='par_1_2' title="bbox 505 738 2299 2422">
     <span class='ocr_line' id='line_1_2' title="bbox 511 738 2177 864; baseline -0.001 -34"><span class='ocrx_word' id='word_1_2' title='bbox 511 778 559 830; x_wconf 84' lang='lat' dir='ltr'><strong>an</strong></span> <span class='ocrx_word' id='word_1_3' title='bbox 592 749 661 830; x_wconf 91' lang='lat' dir='ltr'><strong>bos</strong></span> <span class='ocrx_word' id='word_1_4' title='bbox 693 741 889 858; x_wconf 86' lang='lat' dir='ltr'><strong>possidere</strong></span> <span class='ocrx_word' id='word_1_5' title='bbox 920 743 1183 842; x_wconf 85' lang='lat' dir='ltr'><strong>illasiustum</strong></span> <span class='ocrx_word' id='word_1_6' title='bbox 1215 761 1337 848; x_wconf 87' lang='lat' dir='ltr'><strong>esset,</strong></span> <span class='ocrx_word' id='word_1_7' title='bbox 1360 742 1414 836; x_wconf 76' lang='lat' dir='ltr'><strong>¹lis</strong></span> <span class='ocrx_word' id='word_1_8' title='bbox 1443 759 1576 824; x_wconf 83' lang='lat' dir='ltr'><strong>exorta</strong></span> <span class='ocrx_word' id='word_1_9' title='bbox 1604 738 1741 844; x_wconf 87' lang='lat' dir='ltr'><strong>fuerit,</strong></span> <span class='ocrx_word' id='word_1_10' title='bbox 1771 773 1820 826; x_wconf 91' lang='lat' dir='ltr'><strong>ne</strong></span> <span class='ocrx_word' id='word_1_11' title='bbox 1849 773 1977 834; x_wconf 86' lang='lat' dir='ltr'><strong>unum</strong></span> <span class='ocrx_word' id='word_1_12' title='bbox 2007 748 2177 864; x_wconf 84' lang='lat' dir='ltr'><strong>quidem</strong></span> 
     </span>
     <span class='ocr_line' id='line_1_3' title="bbox 513 877 2176 1002; baseline 0.002 -32"><span class='ocrx_word' id='word_1_13' title='bbox 513 887 591 1002; x_wconf 86' lang='lat' dir='ltr'><strong>legi</strong></span> <span class='ocrx_word' id='word_1_14' title='bbox 622 884 957 997; x_wconf 83' lang='lat' dir='ltr'><strong>Melpln&#39;ctensem</strong></span> <span class='ocrx_word' id='word_1_15' title='bbox 986 888 1125 969; x_wconf 84' lang='lat' dir='ltr'><strong>civem:</strong></span> <span class='ocrx_word' id='word_1_16' title='bbox 1147 877 1248 1000; x_wconf 85' lang='lat' dir='ltr'><strong>quae</strong></span> <span class='ocrx_word' id='word_1_17' title='bbox 1277 918 1337 972; x_wconf 88' lang='lat' dir='ltr'><strong>res</strong></span> <span class='ocrx_word' id='word_1_18' title='bbox 1367 879 1540 969; x_wconf 86' lang='lat' dir='ltr'><strong>indicare</strong></span> <span class='ocrx_word' id='word_1_19' title='bbox 1569 880 1752 987; x_wconf 87' lang='lat' dir='ltr'><strong>videtur,</strong></span> <span class='ocrx_word' id='word_1_20' title='bbox 1767 905 1862 968; x_wconf 90' lang='lat' dir='ltr'><strong>tunc</strong></span> <span class='ocrx_word' id='word_1_21' title='bbox 1879 894 2065 1000; x_wconf 87' lang='lat' dir='ltr'><strong>temporis</strong></span> <span class='ocrx_word' id='word_1_22' title='bbox 2083 920 2176 1002; x_wconf 79' lang='lat' dir='ltr'><strong>pro</strong></span> 
     </span>
     <span class='ocr_line' id='line_1_4' title="bbox 509 1017 2175 1140; baseline 0.002 -32"><span class='ocrx_word' id='word_1_23' title='bbox 509 1036 592 1140; x_wconf 88' lang='lat' dir='ltr'><strong>pria</strong></span> <span class='ocrx_word' id='word_1_24' title='bbox 621 1029 800 1111; x_wconf 86' lang='lat' dir='ltr'><strong>habuisse</strong></span> <span class='ocrx_word' id='word_1_25' title='bbox 830 1029 983 1140; x_wconf 79' lang='lat' dir='ltr'><strong>nauigia</strong></span> <span class='ocrx_word' id='word_1_26' title='bbox 1012 1017 1632 1140; x_wconf 83' lang='lat' dir='ltr'><strong>blclpbictenses,propriumque</strong></span> <span class='ocrx_word' id='word_1_27' title='bbox 1648 1027 1863 1120; x_wconf 80' lang='lat' dir='ltr'><strong>exercuisse</strong></span> <span class='ocrx_word' id='word_1_28' title='bbox 1880 1033 2175 1114; x_wconf 84' lang='lat' dir='ltr'><strong>commercium.</strong></span> 
     </span>
     <span class='ocr_line' id='line_1_5' title="bbox 509 1146 2175 1281; baseline 0 -31"><span class='ocrx_word' id='word_1_29' title='bbox 509 1166 605 1252; x_wconf 89' lang='lat' dir='ltr'><strong>Non</strong></span> <span class='ocrx_word' id='word_1_30' title='bbox 634 1146 901 1253; x_wconf 81' lang='lat' dir='ltr'><strong>inficiabimur</strong></span> <span class='ocrx_word' id='word_1_31' title='bbox 929 1167 1119 1281; x_wconf 85' lang='lat' dir='ltr'><strong>equidem</strong></span> <span class='ocrx_word' id='word_1_32' title='bbox 1147 1169 1327 1264; x_wconf 68' lang='lat' dir='ltr'><strong>Teanum</strong></span> <span class='ocrx_word' id='word_1_33' title='bbox 1357 1196 1523 1280; x_wconf 89' lang='lat' dir='ltr'><strong>quoque</strong></span> <span class='ocrx_word' id='word_1_34' title='bbox 1552 1171 1671 1250; x_wconf 89' lang='lat' dir='ltr'><strong>maris</strong></span> <span class='ocrx_word' id='word_1_35' title='bbox 1698 1171 1938 1258; x_wconf 85' lang='lat' dir='ltr'><strong>commercio</strong></span> <span class='ocrx_word' id='word_1_36' title='bbox 1953 1163 2175 1262; x_wconf 77' lang='lat' dir='ltr'><strong>admodum</strong></span> 
     </span>
     <span class='ocr_line' id='line_1_6' title="bbox 508 1303 2175 1428; baseline 0.001 -38"><span class='ocrx_word' id='word_1_37' title='bbox 508 1303 687 1396; x_wconf 87' lang='lat' dir='ltr'><strong>floruisse</strong></span> <span class='ocrx_word' id='word_1_38' title='bbox 716 1307 825 1392; x_wconf 89' lang='lat' dir='ltr'><strong>olim.</strong></span> <span class='ocrx_word' id='word_1_39' title='bbox 857 1306 907 1392; x_wconf 91' lang='lat' dir='ltr'><strong>Id</strong></span> <span class='ocrx_word' id='word_1_40' title='bbox 938 1312 1045 1399; x_wconf 88' lang='lat' dir='ltr'><strong>enim</strong></span> <span class='ocrx_word' id='word_1_41' title='bbox 1072 1306 1233 1394; x_wconf 83' lang='lat' dir='ltr'>abunde</span> <span class='ocrx_word' id='word_1_42' title='bbox 1262 1309 1412 1428; x_wconf 82' lang='lat' dir='ltr'><strong>patebit</strong></span> <span class='ocrx_word' id='word_1_43' title='bbox 1439 1327 1485 1390; x_wconf 91' lang='lat' dir='ltr'><strong>ut</strong></span> <span class='ocrx_word' id='word_1_44' title='bbox 1513 1307 1597 1392; x_wconf 90' lang='lat' dir='ltr'><strong>aliis</strong></span> <span class='ocrx_word' id='word_1_45' title='bbox 1626 1339 1674 1402; x_wconf 82' lang='lat' dir='ltr'><strong>ex</strong></span> <span class='ocrx_word' id='word_1_46' title='bbox 1703 1312 1995 1414; x_wconf 76' lang='lat' dir='ltr'><strong>monumentis,</strong></span> <span class='ocrx_word' id='word_1_47' title='bbox 2011 1306 2082 1398; x_wconf 90' lang='lat' dir='ltr'><strong>sed</strong></span> <span class='ocrx_word' id='word_1_48' title='bbox 2096 1340 2175 1394; x_wconf 69' lang='lat' dir='ltr'><strong>ma-¹</strong></span> 
     </span>
     <span class='ocr_line' id='line_1_7' title="bbox 509 1445 2173 1566; baseline 0 -34"><span class='ocrx_word' id='word_1_49' title='bbox 509 1454 616 1533; x_wconf 81' lang='lat' dir='ltr'><strong>xime</strong></span> <span class='ocrx_word' id='word_1_50' title='bbox 646 1479 693 1537; x_wconf 80' lang='lat' dir='ltr'><strong>ex</strong></span> <span class='ocrx_word' id='word_1_51' title='bbox 722 1447 971 1534; x_wconf 85' lang='lat' dir='ltr'><strong>Edictalibns</strong></span> <span class='ocrx_word' id='word_1_52' title='bbox 1008 1453 1218 1538; x_wconf 84' lang='lat' dir='ltr'><strong>maritimis</strong></span> <span class='ocrx_word' id='word_1_53' title='bbox 1247 1449 1419 1566; x_wconf 84' lang='lat' dir='ltr'><strong>Legibus</strong></span> <span class='ocrx_word' id='word_1_54' title='bbox 1447 1450 1569 1534; x_wconf 87' lang='lat' dir='ltr'><strong>Trani</strong></span> <span class='ocrx_word' id='word_1_55' title='bbox 1597 1481 1619 1532; x_wconf 90' lang='lat' dir='ltr'><strong>a</strong></span> <span class='ocrx_word' id='word_1_56' title='bbox 1649 1445 1863 1541; x_wconf 85' lang='lat' dir='ltr'><strong>Nobilibus</strong></span> <span class='ocrx_word' id='word_1_57' title='bbox 1891 1451 1986 1544; x_wconf 84' lang='lat' dir='ltr'><strong>viris</strong></span> <span class='ocrx_word' id='word_1_58' title='bbox 2025 1450 2173 1532; x_wconf 89' lang='lat' dir='ltr'><strong>mariti-</strong></span> 
     </span>
     <span class='ocr_line' id='line_1_8' title="bbox 508 1587 2184 1702; baseline 0.001 -31"><span class='ocrx_word' id='word_1_59' title='bbox 508 1620 667 1683; x_wconf 82' lang='lat' dir='ltr'><strong>marum</strong></span> <span class='ocrx_word' id='word_1_60' title='bbox 697 1588 848 1676; x_wconf 86' lang='lat' dir='ltr'><strong>Rerum</strong></span> <span class='ocrx_word' id='word_1_61' title='bbox 878 1589 1122 1682; x_wconf 84' lang='lat' dir='ltr'><strong>Consulibus</strong></span> <span class='ocrx_word' id='word_1_62' title='bbox 1153 1597 1306 1682; x_wconf 86' lang='lat' dir='ltr'><strong>Bramo</strong></span> <span class='ocrx_word' id='word_1_63' title='bbox 1338 1592 1389 1674; x_wconf 86' lang='lat' dir='ltr'><strong>de</strong></span> <span class='ocrx_word' id='word_1_64' title='bbox 1420 1590 1590 1694; x_wconf 78' lang='lat' dir='ltr'><strong>Brundi,</strong></span> <span class='ocrx_word' id='word_1_65' title='bbox 1605 1610 1643 1673; x_wconf 90' lang='lat' dir='ltr'><strong>et</strong></span> <span class='ocrx_word' id='word_1_66' title='bbox 1672 1590 1965 1702; x_wconf 74' lang='lat' dir='ltr'><strong>Rogario,anno</strong></span> <span class='ocrx_word' id='word_1_67' title='bbox 1995 1587 2138 1690; x_wconf 80' lang='lat' dir='ltr'><strong>MLX</strong></span> <span class='ocrx_word' id='word_1_68' title='bbox 2135 1587 2184 1672; x_wconf 89' lang='lat' dir='ltr'><em>V</em></span> 
     </span>
     <span class='ocr_line' id='line_1_9' title="bbox 505 1724 2175 1848; baseline -0.009 -26"><span class='ocrx_word' id='word_1_69' title='bbox 505 1729 625 1822; x_wconf 85' lang='lat' dir='ltr'><strong>latine</strong></span> <span class='ocrx_word' id='word_1_70' title='bbox 654 1729 781 1834; x_wconf 83' lang='lat' dir='ltr'><strong>datis,</strong></span> <span class='ocrx_word' id='word_1_71' title='bbox 810 1754 850 1820; x_wconf 88' lang='lat' dir='ltr'><strong>et</strong></span> <span class='ocrx_word' id='word_1_72' title='bbox 878 1764 974 1848; x_wconf 88' lang='lat' dir='ltr'><strong>quas</strong></span> <span class='ocrx_word' id='word_1_73' title='bbox 1012 1765 1113 1824; x_wconf 90' lang='lat' dir='ltr'><strong>auno</strong></span> <span class='ocrx_word' id='word_1_74' title='bbox 1143 1727 1480 1832; x_wconf 80' lang='lat' dir='ltr'><em>MDLXXXIX</em></span> <span class='ocrx_word' id='word_1_75' title='bbox 1501 1733 1639 1820; x_wconf 65' lang='lat' dir='ltr'><strong>leoni</strong></span> <span class='ocrx_word' id='word_1_76' title='bbox 1673 1732 1715 1816; x_wconf 91' lang='lat' dir='ltr'><strong>in</strong></span> <span class='ocrx_word' id='word_1_77' title='bbox 1743 1729 1887 1828; x_wconf 77' lang='lat' dir='ltr'><strong>Piceno</strong></span> <span class='ocrx_word' id='word_1_78' title='bbox 1916 1726 2049 1812; x_wconf 88' lang='lat' dir='ltr'><strong>Italice</strong></span> <span class='ocrx_word' id='word_1_79' title='bbox 2086 1724 2175 1808; x_wconf 90' lang='lat' dir='ltr'><strong>red-</strong></span> 
     </span>
     <span class='ocr_line' id='line_1_10' title="bbox 514 1867 2299 1986; baseline -0.004 -30"><span class='ocrx_word' id='word_1_80' title='bbox 514 1871 615 1956; x_wconf 86' lang='lat' dir='ltr'><strong>ditas</strong></span> <span class='ocrx_word' id='word_1_81' title='bbox 644 1873 793 1956; x_wconf 88' lang='lat' dir='ltr'><strong>amicus</strong></span> <span class='ocrx_word' id='word_1_82' title='bbox 822 1872 990 1986; x_wconf 87' lang='lat' dir='ltr'><strong>quidam</strong></span> <span class='ocrx_word' id='word_1_83' title='bbox 1019 1874 1133 1958; x_wconf 91' lang='lat' dir='ltr'><strong>nobis</strong></span> <span class='ocrx_word' id='word_1_84' title='bbox 1163 1873 1380 1982; x_wconf 85' lang='lat' dir='ltr'><strong>indicavit,</strong></span> <span class='ocrx_word' id='word_1_85' title='bbox 1409 1903 1576 1960; x_wconf 80' lang='lat' dir='ltr'><strong>excusas.</strong></span> <span class='ocrx_word' id='word_1_86' title='bbox 1605 1872 1783 1956; x_wconf 82' lang='lat' dir='ltr'><strong>Fortasse</strong></span> <span class='ocrx_word' id='word_1_87' title='bbox 1820 1901 1940 1974; x_wconf 84' lang='lat' dir='ltr'><strong>vero,</strong></span> <span class='ocrx_word' id='word_1_88' title='bbox 1980 1873 2051 1984; x_wconf 88' lang='lat' dir='ltr'><strong>qui</strong></span> <span class='ocrx_word' id='word_1_89' title='bbox 2079 1867 2174 1951; x_wconf 68' lang='lat' dir='ltr'><strong>Tra÷</strong></span> <span class='ocrx_word' id='word_1_90' title='bbox 2296 1943 2299 1948; x_wconf 86' lang='lat'>.</span> 
     </span>
     <span class='ocr_line' id='line_1_11' title="bbox 509 1995 2173 2131; baseline -0.002 -37"><span class='ocrx_word' id='word_1_91' title='bbox 509 2043 607 2104; x_wconf 86' lang='lat' dir='ltr'><strong>num</strong></span> <span class='ocrx_word' id='word_1_92' title='bbox 638 2021 878 2131; x_wconf 87' lang='lat' dir='ltr'><strong>migrarunt,</strong></span> <span class='ocrx_word' id='word_1_93' title='bbox 909 1995 1090 2122; x_wconf 83' lang='lat' dir='ltr'><strong>Hebraei,</strong></span> <span class='ocrx_word' id='word_1_94' title='bbox 1120 2013 1382 2106; x_wconf 90' lang='lat' dir='ltr'><strong>Tranensium</strong></span> <span class='ocrx_word' id='word_1_95' title='bbox 1411 2017 1571 2124; x_wconf 85' lang='lat' dir='ltr'><strong>turbare</strong></span> <span class='ocrx_word' id='word_1_96' title='bbox 1599 2013 1904 2112; x_wconf 82' lang='lat' dir='ltr'><strong>commercium,</strong></span> <span class='ocrx_word' id='word_1_97' title='bbox 1931 2031 1971 2092; x_wconf 91' lang='lat' dir='ltr'><strong>et</strong></span> <span class='ocrx_word' id='word_1_98' title='bbox 1998 2012 2027 2102; x_wconf 90' lang='lat' dir='ltr'><strong>ii</strong></span> <span class='ocrx_word' id='word_1_99' title='bbox 2055 2010 2173 2110; x_wconf 78' lang='lat' dir='ltr'><strong>etiam</strong></span> 
     </span>
     <span class='ocr_line' id='line_1_12' title="bbox 513 2148 2172 2271; baseline 0.002 -40"><span class='ocrx_word' id='word_1_100' title='bbox 513 2176 651 2266; x_wconf 89' lang='lat' dir='ltr'><strong>utpote</strong></span> <span class='ocrx_word' id='word_1_101' title='bbox 680 2155 731 2239; x_wconf 87' lang='lat' dir='ltr'><strong>nd</strong></span> <span class='ocrx_word' id='word_1_102' title='bbox 761 2152 921 2260; x_wconf 81' lang='lat' dir='ltr'><strong>fraudes</strong></span> <span class='ocrx_word' id='word_1_103' title='bbox 945 2161 1091 2271; x_wconf 83' lang='lat' dir='ltr'><strong>proni,</strong></span> <span class='ocrx_word' id='word_1_104' title='bbox 1120 2157 1367 2250; x_wconf 89' lang='lat' dir='ltr'><strong>Edictalibus</strong></span> <span class='ocrx_word' id='word_1_105' title='bbox 1405 2157 1483 2264; x_wconf 88' lang='lat' dir='ltr'><strong>illis</strong></span> <span class='ocrx_word' id='word_1_106' title='bbox 1530 2156 1683 2271; x_wconf 90' lang='lat' dir='ltr'><strong>legibus</strong></span> <span class='ocrx_word' id='word_1_107' title='bbox 1730 2156 1969 2260; x_wconf 78' lang='lat' dir='ltr'><strong>occasionem</strong></span> <span class='ocrx_word' id='word_1_108' title='bbox 2008 2148 2172 2256; x_wconf 79' lang='lat' dir='ltr'><strong>dedere,</strong></span> 
     </span>
     <span class='ocr_line' id='line_1_13' title="bbox 512 2297 1352 2422; baseline 0.006 -43"><span class='ocrx_word' id='word_1_109' title='bbox 512 2297 634 2398; x_wconf 83' lang='lat' dir='ltr'><strong>Dolet</strong></span> <span class='ocrx_word' id='word_1_110' title='bbox 663 2328 757 2382; x_wconf 77' lang='lat' dir='ltr'><strong>vero</strong></span> <span class='ocrx_word' id='word_1_111' title='bbox 786 2299 873 2384; x_wconf 86' lang='lat' dir='ltr'><strong>illas</strong></span> <span class='ocrx_word' id='word_1_112' title='bbox 895 2299 1032 2422; x_wconf 83' lang='lat' dir='ltr'><strong>legere</strong></span> <span class='ocrx_word' id='word_1_113' title='bbox 1060 2317 1154 2385; x_wconf 87' lang='lat' dir='ltr'><strong>non&#39;</strong></span> <span class='ocrx_word' id='word_1_114' title='bbox 1170 2307 1352 2414; x_wconf 90' lang='lat' dir='ltr'><strong>potuisse.</strong></span> 
     </span>
    </p>

    <p class='ocr_par' dir='ltr' id='par_1_3' title="bbox 498 2435 2173 4964">
     <span class='ocr_line' id='line_1_14' title="bbox 617 2435 2173 2558; baseline -0.003 -39"><span class='ocrx_word' id='word_1_115' title='bbox 617 2439 672 2520; x_wconf 91' lang='lat' dir='ltr'><strong>Et</strong></span> <span class='ocrx_word' id='word_1_116' title='bbox 686 2446 877 2552; x_wconf 88' lang='lat' dir='ltr'><strong>quoniam</strong></span> <span class='ocrx_word' id='word_1_117' title='bbox 892 2439 944 2524; x_wconf 87' lang='lat' dir='ltr'><strong>ad</strong></span> <span class='ocrx_word' id='word_1_118' title='bbox 953 2439 1150 2534; x_wconf 87' lang='lat' dir='ltr'><strong>Hebraeos</strong></span> <span class='ocrx_word' id='word_1_119' title='bbox 1170 2443 1414 2554; x_wconf 81' lang='lat' dir='ltr'><strong>devenimus,</strong></span> <span class='ocrx_word' id='word_1_120' title='bbox 1428 2448 1561 2558; x_wconf 87' lang='lat' dir='ltr'><strong>aliqua</strong></span> <span class='ocrx_word' id='word_1_121' title='bbox 1578 2442 1629 2528; x_wconf 88' lang='lat' dir='ltr'><strong>ad</strong></span> <span class='ocrx_word' id='word_1_122' title='bbox 1645 2471 1706 2525; x_wconf 87' lang='lat' dir='ltr'><strong>res</strong></span> <span class='ocrx_word' id='word_1_123' title='bbox 1715 2461 1941 2536; x_wconf 87' lang='lat' dir='ltr'><strong>nostrarum</strong></span> <span class='ocrx_word' id='word_1_124' title='bbox 1949 2435 2173 2550; x_wconf 83' lang='lat' dir='ltr'><strong>Regionum</strong></span> 
     </span>
     <span class='ocr_line' id='line_1_15' title="bbox 504 2579 2173 2696; baseline 0.006 -33"><span class='ocrx_word' id='word_1_125' title='bbox 504 2584 736 2694; x_wconf 83' lang='lat' dir='ltr'><strong>pertinentia</strong></span> <span class='ocrx_word' id='word_1_126' title='bbox 746 2614 793 2680; x_wconf 77' lang='lat' dir='ltr'><strong>er</strong></span> <span class='ocrx_word' id='word_1_127' title='bbox 803 2583 1452 2678; x_wconf 77' lang='lat' dir='ltr'><strong>ItinerarioHebraeiBenzizmt’nt&#39;a</strong></span> <span class='ocrx_word' id='word_1_128' title='bbox 1469 2583 1608 2682; x_wconf 74' lang='lat' dir='ltr'><strong>Tutela</strong></span> <span class='ocrx_word' id='word_1_129' title='bbox 1624 2583 1835 2696; x_wconf 73' lang='lat' dir='ltr'><strong>Hispaniae</strong></span> <span class='ocrx_word' id='word_1_130' title='bbox 1854 2579 1954 2664; x_wconf 76' lang='lat' dir='ltr'><strong>urhe</strong></span> <span class='ocrx_word' id='word_1_131' title='bbox 1968 2601 2173 2685; x_wconf 66' lang='lat' dir='ltr'><strong>excerpere.</strong></span> 
     </span>
     <span class='ocr_line' id='line_1_16' title="bbox 504 2715 2173 2840; baseline -0.004 -32"><span class='ocrx_word' id='word_1_132' title='bbox 504 2723 624 2817; x_wconf 88' lang='lat' dir='ltr'><strong>lubet.</strong></span> <span class='ocrx_word' id='word_1_133' title='bbox 644 2723 717 2809; x_wconf 83' lang='lat' dir='ltr'><strong>Vir</strong></span> <span class='ocrx_word' id='word_1_134' title='bbox 736 2729 807 2810; x_wconf 89' lang='lat' dir='ltr'><strong>iste</strong></span> <span class='ocrx_word' id='word_1_135' title='bbox 835 2729 988 2824; x_wconf 80' lang='lat' dir='ltr'><strong>saeculo</strong></span> <span class='ocrx_word' id='word_1_136' title='bbox 1007 2728 1125 2823; x_wconf 88' lang='lat' dir='ltr'><em>XIII</em></span> <span class='ocrx_word' id='word_1_137' title='bbox 1143 2729 1343 2824; x_wconf 85' lang='lat' dir='ltr'><strong>Hebraeos</strong></span> <span class='ocrx_word' id='word_1_138' title='bbox 1371 2758 1506 2826; x_wconf 85' lang='lat' dir='ltr'><strong>omnes</strong></span> <span class='ocrx_word' id='word_1_139' title='bbox 1535 2757 1606 2840; x_wconf 84' lang='lat' dir='ltr'><strong>per.</strong></span> <span class='ocrx_word' id='word_1_140' title='bbox 1635 2727 1758 2810; x_wconf 88' lang='lat' dir='ltr'><strong>varias</strong></span> <span class='ocrx_word' id='word_1_141' title='bbox 1786 2720 1981 2834; x_wconf 83' lang='lat' dir='ltr'><strong>dispersos</strong></span> <span class='ocrx_word' id='word_1_142' title='bbox 2000 2715 2173 2804; x_wconf 78' lang='lat' dir='ltr'><strong>nationes</strong></span> 
     </span>
     <span class='ocr_line' id='line_1_17' title="bbox 498 2852 2173 2986; baseline -0.017 -18"><span class='ocrx_word' id='word_1_143' title='bbox 498 2888 795 2972; x_wconf 62' lang='lat' dir='ltr'><strong>metaturus,</strong></span> <span class='ocrx_word' id='word_1_144' title='bbox 811 2873 1164 2986; x_wconf 84' lang='lat' dir='ltr'><strong>peregrinationem</strong></span> <span class='ocrx_word' id='word_1_145' title='bbox 1193 2879 1363 2985; x_wconf 87' lang='lat' dir='ltr'><strong>suscepit</strong></span> <span class='ocrx_word' id='word_1_146' title='bbox 1377 2869 1457 2981; x_wconf 78' lang='lat' dir='ltr'><strong>,et</strong></span> <span class='ocrx_word' id='word_1_147' title='bbox 1493 2871 1535 2957; x_wconf 91' lang='lat' dir='ltr'><em>T</em></span> <span class='ocrx_word' id='word_1_148' title='bbox 1527 2875 1621 2970; x_wconf 64' lang='lat' dir='ltr'><strong>rani</strong></span> <span class='ocrx_word' id='word_1_149' title='bbox 1648 2863 1815 2982; x_wconf 89' lang='lat' dir='ltr'><strong>quidem</strong></span> <span class='ocrx_word' id='word_1_150' title='bbox 1852 2863 1932 2948; x_wconf 88' lang='lat' dir='ltr'><strong>CC</strong></span> <span class='ocrx_word' id='word_1_151' title='bbox 1946 2852 2173 2974; x_wconf 67' lang='lat' dir='ltr'><strong>fuissescrir</strong></span> 
     </span>
     <span class='ocr_line' id='line_1_18' title="bbox 509 2989 2171 3130; baseline -0.004 -38"><span class='ocrx_word' id='word_1_152' title='bbox 509 3011 598 3120; x_wconf 88' lang='lat' dir='ltr'><strong>psit,</strong></span> <span class='ocrx_word' id='word_1_153' title='bbox 615 3008 752 3122; x_wconf 50' lang='lat' dir='ltr'><strong>Mopse</strong></span> <span class='ocrx_word' id='word_1_154' title='bbox 781 3041 882 3124; x_wconf 87' lang='lat' dir='ltr'><strong>quae</strong></span> <span class='ocrx_word' id='word_1_155' title='bbox 911 3027 1014 3098; x_wconf 86' lang='lat' dir='ltr'><strong>c&#39;erte</strong></span> <span class='ocrx_word' id='word_1_156' title='bbox 1043 3015 1260 3130; x_wconf 65' lang='lat' dir='ltr'><strong>AEnaIpln&#39;a</strong></span> <span class='ocrx_word' id='word_1_157' title='bbox 1287 3039 1345 3102; x_wconf 89' lang='lat' dir='ltr'><strong>est</strong></span> <span class='ocrx_word' id='word_1_158' title='bbox 1374 3016 1470 3123; x_wconf 85' lang='lat' dir='ltr'><strong>XX,</strong></span> <span class='ocrx_word' id='word_1_159' title='bbox 1500 2989 1662 3102; x_wconf 74' lang='lat' dir='ltr'><strong>Mcitchi</strong></span> <span class='ocrx_word' id='word_1_160' title='bbox 1687 3007 1792 3124; x_wconf 87' lang='lat' dir='ltr'><strong>(sio)</strong></span> <span class='ocrx_word' id='word_1_161' title='bbox 1822 3035 1916 3102; x_wconf 89' lang='lat' dir='ltr'><strong>vero</strong></span> <span class='ocrx_word' id='word_1_162' title='bbox 1951 3001 2050 3102; x_wconf 86' lang='lat' dir='ltr'><strong>CC,</strong></span> <span class='ocrx_word' id='word_1_163' title='bbox 2072 2997 2171 3099; x_wconf 64' lang='lat' dir='ltr'><strong>Bate</strong></span> 
     </span>
     <span class='ocr_line' id='line_1_19' title="bbox 504 3142 2169 3274; baseline -0.005 -41"><span class='ocrx_word' id='word_1_164' title='bbox 504 3149 619 3245; x_wconf 79' lang='lat' dir='ltr'><strong>denis</strong></span> <span class='ocrx_word' id='word_1_165' title='bbox 649 3152 701 3244; x_wconf 71' lang='lat' dir='ltr'><em>X</em></span> <span class='ocrx_word' id='word_1_166' title='bbox 729 3153 915 3244; x_wconf 75' lang='lat' dir='ltr'><strong>Diximus</strong></span> <span class='ocrx_word' id='word_1_167' title='bbox 944 3150 1129 3266; x_wconf 76' lang='lat' dir='ltr'><strong>Mulsum</strong></span> <span class='ocrx_word' id='word_1_168' title='bbox 1156 3181 1236 3240; x_wconf 84' lang='lat' dir='ltr'><strong>esse</strong></span> <span class='ocrx_word' id='word_1_169' title='bbox 1263 3157 1545 3274; x_wconf 69' lang='grc' dir='ltr'><em>Ληιαῐμῆιάω,</em></span> <span class='ocrx_word' id='word_1_170' title='bbox 1564 3175 1723 3267; x_wconf 83' lang='lat' dir='ltr'><strong>atquae</strong></span> <span class='ocrx_word' id='word_1_171' title='bbox 1751 3177 1846 3232; x_wconf 84' lang='lat' dir='ltr'><strong>vero</strong></span> <span class='ocrx_word' id='word_1_172' title='bbox 1874 3142 1984 3229; x_wconf 77' lang='lat' dir='ltr'><strong>urbs</strong></span> <span class='ocrx_word' id='word_1_173' title='bbox 1998 3145 2059 3246; x_wconf 86' lang='lat' dir='ltr'><strong>sit,</strong></span> <span class='ocrx_word' id='word_1_174' title='bbox 2069 3167 2169 3254; x_wconf 77' lang='lat' dir='ltr'><strong>quae</strong></span> 
     </span>
     <span class='ocr_line' id='line_1_20' title="bbox 504 3275 2169 3414; baseline -0.005 -43"><span class='ocrx_word' id='word_1_175' title='bbox 504 3291 673 3382; x_wconf 80' lang='lat' dir='ltr'><strong>Malclzi&#39;</strong></span> <span class='ocrx_word' id='word_1_176' title='bbox 691 3289 848 3397; x_wconf 88' lang='lat' dir='ltr'><strong>dieitur,</strong></span> <span class='ocrx_word' id='word_1_177' title='bbox 868 3298 909 3377; x_wconf 94' lang='lat' dir='ltr'><strong>in</strong></span> <span class='ocrx_word' id='word_1_178' title='bbox 938 3299 1084 3380; x_wconf 87' lang='lat' dir='ltr'><strong>incerto</strong></span> <span class='ocrx_word' id='word_1_179' title='bbox 1112 3302 1197 3400; x_wconf 88' lang='lat' dir='ltr'><strong>erit,</strong></span> <span class='ocrx_word' id='word_1_180' title='bbox 1211 3304 1394 3414; x_wconf 90' lang='lat' dir='ltr'><strong>quamvis</strong></span> <span class='ocrx_word' id='word_1_181' title='bbox 1413 3297 1572 3391; x_wconf 86' lang='lat' dir='ltr'><strong>fortasse</strong></span> <span class='ocrx_word' id='word_1_182' title='bbox 1590 3287 1856 3406; x_wconf 82' lang='lat' dir='ltr'><strong>proMelpIn&#39;o</strong></span> <span class='ocrx_word' id='word_1_183' title='bbox 1885 3283 2010 3397; x_wconf 83' lang='lat' dir='ltr'><strong>posita</strong></span> <span class='ocrx_word' id='word_1_184' title='bbox 2040 3275 2169 3390; x_wconf 74' lang='lat' dir='ltr'><strong>videa:</strong></span> 
     </span>
     <span class='ocr_line' id='line_1_21' title="bbox 504 3415 2170 3553; baseline 0.007 -41"><span class='ocrx_word' id='word_1_185' title='bbox 504 3446 582 3512; x_wconf 86' lang='lat' dir='ltr'><strong>tur.</strong></span> <span class='ocrx_word' id='word_1_186' title='bbox 611 3433 787 3547; x_wconf 79' lang='lat' dir='ltr'><strong>Melpln&#39;i</strong></span> <span class='ocrx_word' id='word_1_187' title='bbox 813 3465 986 3550; x_wconf 88' lang='lat' dir='ltr'><strong>namque</strong></span> <span class='ocrx_word' id='word_1_188' title='bbox 1006 3437 1234 3544; x_wconf 78' lang='lat' dir='ltr'><strong>etLabelli,</strong></span> <span class='ocrx_word' id='word_1_189' title='bbox 1253 3460 1292 3523; x_wconf 89' lang='lat' dir='ltr'><strong>et</strong></span> <span class='ocrx_word' id='word_1_190' title='bbox 1321 3435 1526 3553; x_wconf 78' lang='lat' dir='ltr'><strong>RapoIIae,</strong></span> <span class='ocrx_word' id='word_1_191' title='bbox 1545 3462 1646 3548; x_wconf 89' lang='lat' dir='ltr'><strong>quae</strong></span> <span class='ocrx_word' id='word_1_192' title='bbox 1660 3433 1696 3515; x_wconf 94' lang='lat' dir='ltr'><strong>ei</strong></span> <span class='ocrx_word' id='word_1_193' title='bbox 1724 3425 1891 3534; x_wconf 86' lang='lat' dir='ltr'><strong>finitima</strong></span> <span class='ocrx_word' id='word_1_194' title='bbox 1906 3441 1999 3506; x_wconf 91' lang='lat' dir='ltr'><strong>sunt</strong></span> <span class='ocrx_word' id='word_1_195' title='bbox 2012 3415 2170 3532; x_wconf 51' lang='lat' dir='ltr'><strong>oppid&amp;</strong></span> 
     </span>
     <span class='ocr_line' id='line_1_22' title="bbox 507 3565 2172 3688; baseline -0.002 -37"><span class='ocrx_word' id='word_1_196' title='bbox 507 3567 641 3683; x_wconf 81' lang='lat' dir='ltr'><strong>plures</strong></span> <span class='ocrx_word' id='word_1_197' title='bbox 670 3573 766 3668; x_wconf 89' lang='lat' dir='ltr'><strong>olim</strong></span> <span class='ocrx_word' id='word_1_198' title='bbox 796 3575 986 3668; x_wconf 83' lang='lat' dir='ltr'><strong>habitasse</strong></span> <span class='ocrx_word' id='word_1_199' title='bbox 1014 3574 1226 3681; x_wconf 84' lang='lat' dir='ltr'><strong>Hebraeos,</strong></span> <span class='ocrx_word' id='word_1_200' title='bbox 1255 3604 1394 3674; x_wconf 87' lang='lat' dir='ltr'><strong>eorum</strong></span> <span class='ocrx_word' id='word_1_201' title='bbox 1424 3571 1657 3688; x_wconf 75' lang='lat' dir='ltr'><strong>sepulcrales</strong></span> <span class='ocrx_word' id='word_1_202' title='bbox 1685 3569 1792 3678; x_wconf 75' lang='lat' dir='ltr'><strong>tituli</strong></span> <span class='ocrx_word' id='word_1_203' title='bbox 1811 3565 1868 3652; x_wconf 91' lang='lat' dir='ltr'><strong>ibi</strong></span> <span class='ocrx_word' id='word_1_204' title='bbox 1887 3565 2013 3668; x_wconf 76' lang='lat' dir='ltr'><strong>effossi</strong></span> <span class='ocrx_word' id='word_1_205' title='bbox 2034 3583 2172 3674; x_wconf 70' lang='lat' dir='ltr'><strong>pestan-</strong></span> 
     </span>
     <span class='ocr_line' id='line_1_23' title="bbox 514 3704 2168 3826; baseline -0.002 -31"><span class='ocrx_word' id='word_1_206' title='bbox 514 3735 589 3808; x_wconf 88' lang='lat' dir='ltr'><strong>tnr.</strong></span> <span class='ocrx_word' id='word_1_207' title='bbox 608 3709 693 3798; x_wconf 93' lang='lat' dir='ltr'><strong>Hos</strong></span> <span class='ocrx_word' id='word_1_208' title='bbox 722 3716 958 3800; x_wconf 71' lang='lat' dir='ltr'><strong>Dominum</strong></span> <span class='ocrx_word' id='word_1_209' title='bbox 973 3721 1087 3821; x_wconf 66' lang='lat' dir='ltr'><strong>Ibin,</strong></span> <span class='ocrx_word' id='word_1_210' title='bbox 1115 3719 1264 3810; x_wconf 85' lang='lat' dir='ltr'><strong>adiecta</strong></span> <span class='ocrx_word' id='word_1_211' title='bbox 1288 3721 1412 3818; x_wconf 80' lang='lat' dir='ltr'><strong>etiam</strong></span> <span class='ocrx_word' id='word_1_212' title='bbox 1440 3720 1558 3806; x_wconf 88' lang='lat' dir='ltr'><strong>latina</strong></span> <span class='ocrx_word' id='word_1_213' title='bbox 1573 3725 1769 3825; x_wconf 89' lang='lat' dir='ltr'><strong>versione,</strong></span> <span class='ocrx_word' id='word_1_214' title='bbox 1788 3713 1915 3803; x_wconf 91' lang='lat' dir='ltr'><strong>edidit</strong></span> <span class='ocrx_word' id='word_1_215' title='bbox 1932 3707 2037 3826; x_wconf 89' lang='lat' dir='ltr'><strong>(Del</strong></span> <span class='ocrx_word' id='word_1_216' title='bbox 2055 3704 2168 3792; x_wconf 74' lang='lat' dir='ltr'><strong>Mon:</strong></span> 
     </span>
     <span class='ocr_line' id='line_1_24' title="bbox 503 3840 2170 3974; baseline -0.007 -38"><span class='ocrx_word' id='word_1_217' title='bbox 503 3871 542 3945; x_wconf 84' lang='lat' dir='ltr'><strong>te</strong></span> <span class='ocrx_word' id='word_1_218' title='bbox 570 3849 774 3969; x_wconf 82' lang='lat' dir='ltr'><strong>Volture)</strong></span> <span class='ocrx_word' id='word_1_219' title='bbox 794 3855 879 3940; x_wconf 89' lang='lat' dir='ltr'><strong>Nos</strong></span> <span class='ocrx_word' id='word_1_220' title='bbox 907 3888 1070 3972; x_wconf 86' lang='lat' dir='ltr'><strong>quoque</strong></span> <span class='ocrx_word' id='word_1_221' title='bbox 1097 3856 1250 3972; x_wconf 88' lang='lat' dir='ltr'><strong>aliquot</strong></span> <span class='ocrx_word' id='word_1_222' title='bbox 1279 3877 1381 3948; x_wconf 82' lang='lat' dir='ltr'><strong>retro</strong></span> <span class='ocrx_word' id='word_1_223' title='bbox 1397 3865 1505 3953; x_wconf 86' lang='lat' dir='ltr'><strong>annis</strong></span> <span class='ocrx_word' id='word_1_224' title='bbox 1533 3861 1666 3974; x_wconf 85' lang='lat' dir='ltr'><strong>plures</strong></span> <span class='ocrx_word' id='word_1_225' title='bbox 1684 3854 1918 3972; x_wconf 87' lang='lat' dir='ltr'><strong>sepulcrales</strong></span> <span class='ocrx_word' id='word_1_226' title='bbox 1935 3840 2170 3962; x_wconf 84' lang='lat' dir='ltr'><strong>huiusmodi</strong></span> 
     </span>
     <span class='ocr_line' id='line_1_25' title="bbox 505 3980 2170 4116; baseline 0.004 -41"><span class='ocrx_word' id='word_1_227' title='bbox 505 3995 641 4082; x_wconf 88' lang='lat' dir='ltr'><strong>titulos</strong></span> <span class='ocrx_word' id='word_1_228' title='bbox 671 3996 873 4090; x_wconf 89' lang='lat' dir='ltr'><strong>Hebraicis</strong></span> <span class='ocrx_word' id='word_1_229' title='bbox 902 3999 1122 4102; x_wconf 90' lang='lat' dir='ltr'><strong>uncialibus</strong></span> <span class='ocrx_word' id='word_1_230' title='bbox 1151 3998 1288 4105; x_wconf 81' lang='lat' dir='ltr'><strong>litteris</strong></span> <span class='ocrx_word' id='word_1_231' title='bbox 1316 4003 1489 4116; x_wconf 80' lang='lat' dir='ltr'><strong>sculptos</strong></span> <span class='ocrx_word' id='word_1_232' title='bbox 1516 4033 1641 4116; x_wconf 78' lang='lat' dir='ltr'><strong>prope</strong></span> <span class='ocrx_word' id='word_1_233' title='bbox 1669 3999 1849 4109; x_wconf 86' lang='lat' dir='ltr'><strong>Tranum</strong></span> <span class='ocrx_word' id='word_1_234' title='bbox 1885 3993 2042 4106; x_wconf 73' lang='lat' dir='ltr'><strong>effossos</strong></span> <span class='ocrx_word' id='word_1_235' title='bbox 2071 3980 2170 4072; x_wconf 65' lang='lat' dir='ltr'><strong>Vidi:</strong></span> 
     </span>
     <span class='ocr_line' id='line_1_26' title="bbox 503 4116 2169 4256; baseline -0.001 -42"><span class='ocrx_word' id='word_1_236' title='bbox 503 4163 615 4240; x_wconf 89' lang='lat' dir='ltr'><strong>mus;</strong></span> <span class='ocrx_word' id='word_1_237' title='bbox 645 4143 716 4252; x_wconf 91' lang='lat' dir='ltr'><strong>qui</strong></span> <span class='ocrx_word' id='word_1_238' title='bbox 744 4171 794 4226; x_wconf 89' lang='lat' dir='ltr'><strong>an</strong></span> <span class='ocrx_word' id='word_1_239' title='bbox 822 4142 963 4248; x_wconf 87' lang='lat' dir='ltr'><strong>servati</strong></span> <span class='ocrx_word' id='word_1_240' title='bbox 991 4139 1167 4248; x_wconf 86' lang='lat' dir='ltr'><strong>fuerint,</strong></span> <span class='ocrx_word' id='word_1_241' title='bbox 1195 4141 1261 4224; x_wconf 82' lang='lat' dir='ltr'><strong>vel</strong></span> <span class='ocrx_word' id='word_1_242' title='bbox 1288 4116 1420 4254; x_wconf 79' lang='lat' dir='ltr'><strong>potius</strong></span> <span class='ocrx_word' id='word_1_243' title='bbox 1450 4143 1552 4256; x_wconf 88' lang='lat' dir='ltr'><strong>male</strong></span> <span class='ocrx_word' id='word_1_244' title='bbox 1580 4140 1756 4255; x_wconf 83' lang='lat' dir='ltr'><strong>perditi,</strong></span> <span class='ocrx_word' id='word_1_245' title='bbox 1783 4143 2019 4254; x_wconf 76' lang='lat' dir='ltr'><strong>ignoramus</strong></span> <span class='ocrx_word' id='word_1_246' title='bbox 2048 4127 2169 4236; x_wconf 85' lang='lat' dir='ltr'><strong>Deni-</strong></span> 
     </span>
     <span class='ocr_line' id='line_1_27' title="bbox 504 4273 2170 4402; baseline -0.004 -40"><span class='ocrx_word' id='word_1_247' title='bbox 504 4309 583 4394; x_wconf 84' lang='lat' dir='ltr'><strong>que</strong></span> <span class='ocrx_word' id='word_1_248' title='bbox 612 4285 722 4390; x_wconf 91' lang='lat' dir='ltr'><strong>qnod</strong></span> <span class='ocrx_word' id='word_1_249' title='bbox 750 4290 793 4372; x_wconf 93' lang='lat' dir='ltr'><strong>in</strong></span> <span class='ocrx_word' id='word_1_250' title='bbox 821 4283 1017 4370; x_wconf 89' lang='lat' dir='ltr'><strong>antedicto</strong></span> <span class='ocrx_word' id='word_1_251' title='bbox 1045 4283 1250 4386; x_wconf 88' lang='lat' dir='ltr'><strong>Itinerario</strong></span> <span class='ocrx_word' id='word_1_252' title='bbox 1278 4280 1423 4370; x_wconf 90' lang='lat' dir='ltr'><strong>dicitur</strong></span> <span class='ocrx_word' id='word_1_253' title='bbox 1452 4287 1505 4388; x_wconf 77' lang='lat' dir='ltr'><em>X</em></span> <span class='ocrx_word' id='word_1_254' title='bbox 1522 4284 1640 4382; x_wconf 82' lang='lat' dir='ltr'><strong>fuisse</strong></span> <span class='ocrx_word' id='word_1_255' title='bbox 1668 4281 1868 4402; x_wconf 84' lang='lat' dir='ltr'><strong>Hebraeos</strong></span> <span class='ocrx_word' id='word_1_256' title='bbox 1886 4273 2097 4378; x_wconf 73' lang='lat' dir='ltr'><strong>Bardenu,</strong></span> <span class='ocrx_word' id='word_1_257' title='bbox 2113 4294 2170 4365; x_wconf 65' lang='lat' dir='ltr'><strong>et:</strong></span> 
     </span>
     <span class='ocr_line' id='line_1_28' title="bbox 504 4417 2167 4532; baseline -0.001 -33"><span class='ocrx_word' id='word_1_258' title='bbox 504 4423 584 4502; x_wconf 89' lang='lat' dir='ltr'><strong>iam</strong></span> <span class='ocrx_word' id='word_1_259' title='bbox 613 4420 805 4522; x_wconf 87' lang='lat' dir='ltr'><strong>incertum</strong></span> <span class='ocrx_word' id='word_1_260' title='bbox 836 4431 911 4511; x_wconf 89' lang='lat' dir='ltr'><strong>erit</strong></span> <span class='ocrx_word' id='word_1_261' title='bbox 938 4446 1078 4524; x_wconf 76' lang='lat' dir='ltr'><strong>utrum</strong></span> <span class='ocrx_word' id='word_1_262' title='bbox 1095 4421 1158 4508; x_wconf 83' lang='lat' dir='ltr'><strong>ed</strong></span> <span class='ocrx_word' id='word_1_263' title='bbox 1190 4425 1389 4532; x_wconf 81' lang='lat' dir='ltr'><strong>Barium,</strong></span> <span class='ocrx_word' id='word_1_264' title='bbox 1425 4458 1475 4511; x_wconf 90' lang='lat' dir='ltr'><strong>an</strong></span> <span class='ocrx_word' id='word_1_265' title='bbox 1504 4456 1595 4532; x_wconf 85' lang='lat' dir='ltr'><strong>vere</strong></span> <span class='ocrx_word' id='word_1_266' title='bbox 1623 4424 1675 4509; x_wconf 90' lang='lat' dir='ltr'><strong>ad</strong></span> <span class='ocrx_word' id='word_1_267' title='bbox 1705 4419 1956 4530; x_wconf 76' lang='lat' dir='ltr'><strong>Bardulum,</strong></span> <span class='ocrx_word' id='word_1_268' title='bbox 1984 4421 2066 4502; x_wconf 90' lang='lat' dir='ltr'><strong>sive</strong></span> <span class='ocrx_word' id='word_1_269' title='bbox 2087 4417 2167 4499; x_wconf 84' lang='lat' dir='ltr'><strong>Ba·</strong></span> 
     </span>
     <span class='ocr_line' id='line_1_29' title="bbox 507 4555 2166 4682; baseline -0.004 -40"><span class='ocrx_word' id='word_1_270' title='bbox 507 4559 635 4652; x_wconf 71' lang='lat' dir='ltr'><strong>roton</strong></span> <span class='ocrx_word' id='word_1_271' title='bbox 663 4565 874 4670; x_wconf 85' lang='lat' dir='ltr'><strong>pertineat,</strong></span> <span class='ocrx_word' id='word_1_272' title='bbox 892 4573 1075 4680; x_wconf 86' lang='lat' dir='ltr'><strong>quamvis</strong></span> <span class='ocrx_word' id='word_1_273' title='bbox 1104 4597 1126 4654; x_wconf 83' lang='lat' dir='ltr'><strong>e</strong></span> <span class='ocrx_word' id='word_1_274' title='bbox 1155 4569 1325 4668; x_wconf 87' lang='lat' dir='ltr'><strong>nominis</strong></span> <span class='ocrx_word' id='word_1_275' title='bbox 1352 4564 1538 4682; x_wconf 88' lang='lat' dir='ltr'><strong>analogia·</strong></span> <span class='ocrx_word' id='word_1_276' title='bbox 1558 4564 1611 4648; x_wconf 86' lang='lat' dir='ltr'><strong>ad</strong></span> <span class='ocrx_word' id='word_1_277' title='bbox 1641 4561 1865 4651; x_wconf 79' lang='lat' dir='ltr'><strong>Bardulum</strong></span> <span class='ocrx_word' id='word_1_278' title='bbox 1902 4555 2036 4644; x_wconf 79' lang='lat' dir='ltr'><strong>referri</strong></span> <span class='ocrx_word' id='word_1_279' title='bbox 2052 4580 2166 4666; x_wconf 87' lang='lat' dir='ltr'><strong>posse</strong></span> 
     </span>
     <span class='ocr_line' id='line_1_30' title="bbox 504 4698 2165 4822; baseline 0.002 -41"><span class='ocrx_word' id='word_1_280' title='bbox 504 4698 695 4784; x_wconf 67' lang='lat' dir='ltr'><strong>videatne</strong></span> <span class='ocrx_word' id='word_1_281' title='bbox 723 4699 909 4820; x_wconf 87' lang='lat' dir='ltr'><strong>Denique</strong></span> <span class='ocrx_word' id='word_1_282' title='bbox 948 4733 997 4786; x_wconf 88' lang='lat' dir='ltr'><strong>ne</strong></span> <span class='ocrx_word' id='word_1_283' title='bbox 1032 4725 1175 4790; x_wconf 83' lang='lat' dir='ltr'><strong>ceteras</strong></span> <span class='ocrx_word' id='word_1_284' title='bbox 1204 4703 1371 4816; x_wconf 83' lang='lat' dir='ltr'><strong>Apuliae</strong></span> <span class='ocrx_word' id='word_1_285' title='bbox 1399 4725 1439 4788; x_wconf 91' lang='lat' dir='ltr'><strong>et</strong></span> <span class='ocrx_word' id='word_1_286' title='bbox 1476 4705 1659 4822; x_wconf 83' lang='lat' dir='ltr'><strong>Iapygiae</strong></span> <span class='ocrx_word' id='word_1_287' title='bbox 1698 4705 1816 4790; x_wconf 86' lang='lat' dir='ltr'><strong>urbes</strong></span> <span class='ocrx_word' id='word_1_288' title='bbox 1848 4721 2165 4814; x_wconf 74' lang='lat' dir='ltr'><strong>praetereamus,</strong></span> 
     </span>
     <span class='ocr_line' id='line_1_31' title="bbox 506 4840 2165 4964; baseline 0.001 -36"><span class='ocrx_word' id='word_1_289' title='bbox 506 4840 662 4956; x_wconf 71' lang='lat' dir='ltr'><strong>Asculi,</strong></span> <span class='ocrx_word' id='word_1_290' title='bbox 691 4847 831 4958; x_wconf 89' lang='lat' dir='ltr'><strong>utique</strong></span> <span class='ocrx_word' id='word_1_291' title='bbox 862 4841 1238 4960; x_wconf 76' lang='lat' dir='ltr'><strong>Appreli,Hebraeos</strong></span> <span class='ocrx_word' id='word_1_292' title='bbox 1253 4843 1333 4954; x_wconf 77' lang='lat' dir='ltr'><strong>XL</strong></span> <span class='ocrx_word' id='word_1_293' title='bbox 1346 4857 1527 4948; x_wconf 79' lang='lat' dir='ltr'><strong>numerat</strong></span> <span class='ocrx_word' id='word_1_294' title='bbox 1540 4845 1821 4956; x_wconf 80' lang='lat' dir='ltr'><strong>Beniaminus5</strong></span> <span class='ocrx_word' id='word_1_295' title='bbox 1857 4845 2024 4954; x_wconf 70' lang='lat' dir='ltr'><strong>Tarenti</strong></span> <span class='ocrx_word' id='word_1_296' title='bbox 2045 4841 2165 4964; x_wconf 58' lang='lat' dir='ltr'><strong>CCII⁸</strong></span> 
     </span>
    </p>
   </div>
   <div class='ocr_carea' id='block_1_3' title="bbox 0 0 2462 6610">
    <p class='ocr_par' dir='ltr' id='par_1_4' title="bbox 0 0 2462 6610">
     <span class='ocr_line' id='line_1_32' title="bbox 0 0 2462 6610; baseline 0 1"><span class='ocrx_word' id='word_1_297' title='bbox 0 0 2462 6610; x_wconf 95' lang='lat' dir='ltr'><strong> </strong></span> 
     </span>
    </p>
   </div>
  </div>
 </body>
</html>
