4870 6630
235 799 317 886 quo
345 770 483 854 sanctis
512 767 754 876 nnartyrihus
783 763 966 853 victualia
994 762 1357 881 ministrabantur).
1391 786 1431 852 et
1464 785 1605 852 uotum
1626 771 1812 860 'fecerunt
1830 807 1914 868 san-

234 933 297 998 cto
325 909 512 994 marcello
541 912 724 1021 episcopo
752 907 815 1023 (ι)
843 906 955 1023 quod
985 931 1115 993 trason
1147 910 1287 994 sanctis
1312 907 1377 992 dei
1396 909 1579 997 victualia
1595 917 1833 1002 ministraret
1852 921 1914 1036 (a)

237 1075 334 1138 tunc
362 1052 510 1172 gaudio
537 1052 713 1162 repletus
742 1051 891 1141 ducens
920 1053 1129 1138 consilium
1159 1056 1397 1138 consecrauit
1424 1054 1632 1140 sisinnium
1660 1075 1700 1139 et
1715 1063 1917 1170 cyriacum

241 1202 429 1290 diacones·
459 1201 520 1318 (3.)
548 1199 708 1287 ecclesie
735 1225 895 1283 romane
903 1259 936 1302 .‚.
965 1194 1133 1282 Factum
1162 1215 1220 1277 est
1248 1217 1381 1280 autem
1410 1218 1458 1281 ut
1485 1230 1564 1287 uua
1592 1221 1708 1291 nocte
1737 1199 1919 1290 dumdo-

237 1346 383 1430 ferrent
410 1345 586 1428 humeris
614 1343 695 1425 suis
723 1341 877 1425 victum
905 1369 1030 1463 quem
1059 1359 1190 1424 trason
1219 1343 1466 1426 ministrabat
1494 1349 1590 1431 tenti
1616 1345 1677 1464 (d)
1697 1357 1826 1433 'sunta
1844 1355 1918 1434 mi-

245 1485 383 1570 litibus
410 1486 579 1599 paganis.
608 1503 648 1578 et
675 1478 788 1564 ducti
816 1479 990 1564 suntad
1022 1481 1229 1566 tribunum
1257 1487 1471 1596 expurium
1510 1493 1723 1602 suscipiens
1751 1523 1819 1576 cos
1851 1494 1917 1575 tri-

243 1627 376 1712 bunus
412 1628 569 1708 tetrusit
606 1631 648 1711 in
677 1618 853 1709 custodia
883 1617 944 1737 (5)
972 1623 1162 1732 publica.,.
1177 1625 1272 1708 Post
1301 1625 1410 1710 diem
1439 1656 1537 1712 vero
1570 1635 1733 1716 tertium
1762 1637 1916 1718 nuntia·

240 1773 299 1851 vit
328 1771 405 1854 hoc
433 1773 674 1853 maximiano
711 1789 925 1886 augusto.,.
954 1762 1044 1850 Hoc
1085 1794 1180 1849 cum
1218 1766 1392 1852 audisset
1427 1773 1692 1856 maximianus
1728 1777 1840 1859 iussit
1868 1798 1916 1858 ut

239 1909 415 1998 custodia
444 1909 506 2028 (6)
536 1916 610 2025 ipsi
637 1911 818 1996 foderent
846 1912 1028 2000 harenam
1057 1929 1097 1993 et
1125 1907 1301 1994 humeris
1329 1913 1409 1995 suis
1427 1931 1629 2024 portarent
1643 1944 1770 2030 usque
1789 1913 1841 2000 ad
1860 1915 1917 1998 lo-

240 2084 337 2140 cum
363 2054 434 2139 ubi
463 2057 615 2138 therme
643 2049 927 2136 edificabantur
937 2114 968 2157 .,.
1743 2077 1769 2102 ’ν

349 2193 507 2278 Eodem
537 2180 715 2306 tempore
743 2194 854 2278 beata
883 2191 1011 2278 lucina
1039 2190 1132 2276 fecit
1168 2187 1424 2276 donationem
1452 2189 1505 2278 dc
1532 2192 1717 2280 facultate
1746 2227 1815 2281 sua
1845 2199 1909 2314 (7)

237 2339 421 2424 omnibus
458 2334 617 2422 ecclesie
647 2335 813 2440 christi„
833 2331 923 2418 Hoc
950 2329 1113 2418 audiens
1130 2335 1391 2417 maximianus
1406 2357 1594 2451 augustus
1614 2334 1839 2453 indignatus
1848 2337 1912 2454 (8)

243 2480 526 2590 proscriptione
554 2474 906 2579 eamdamnavit„
916 2471 1035 2556 Beata
1062 2493 1197 2558 autem
1224 2472 1354 2558 lucina
1372 2478 1534 2591 rogavit
1557 2497 1736 2560 sanctum
1753 2477 1916 2608 marcel-

234 2620 323 2722 lum
358 2639 404 2698 ut
433 2614 604 2701 domum
631 2621 715 2702 eius
743 2616 944 2702 ecclesiam
973 2637 1212 2702 consecraret
1239 2612 1301 2732 (9)
1329 2635 1370 2702 et
1413 2647 1508 2701 curn
1545 2619 1657 2700 omni
1700 2615 1913 2701 devotione

238 2761 331 2846 lecit
361 2761 499 2846 beatus
527 2755 735 2840 marcellus
762 2762 966 2870 episcopus
981 2817 1012 2862 .,.
1041 2757 1097 2840 At
1125 2786 1218 2842 cnm
1247 2755 1334 2872 (ιο)
1354 2754 1580 2870 frequenter
1597 2758 1639 2838 iu
1669 2751 1810 2836 eadem
1832 2751 1913 2838 do-

240 2932 309 2986 mo
340 2902 476 2983 missas
505 2895 726 2982 celebraret.
754 2895 791 3010 (1
806 2895 844 3010 a)
872 2902 913 2982 in
942 2895 1074 2982 media
1103 2900 1259 2980 civitate
1288 2900 1351 2982 via
1380 2896 1499 2980 latina
1527 2891 1617 3009 (12)
1646 2891 1810 2980 audiens
1838 2894 1913 2978 hoc

240 3043 502 3163 maximianus
529 3057 720 3154 augustus,
746 3039 868 3124 iratus
894 3039 1004 3122 misit
1030 3040 1074 3122 iu
1101 3031 1268 3122 eandem
1296 3033 1506 3122 ecclesiam.
1536 3052 1575 3118 et
1588 3031 1686 3120 lecit
1699 3033 1921 3146 preceptio.

231 4049 1889 4105 w

1169 4271 1228 4376 (7)
1256 4273 1405 4350 additur
1428 4269 1474 4348 dc

1172 4403 1229 4504 (8)
1254 4399 1443 4478 catholicos

1176 4531 1234 4632 (a)
1259 4529 1353 4630 ‘1⁰⁰⁶

1181 4657 1261 4758 (¹⁰)
1286 4655 1348 4730 uu
