4820 6604
228 641 411 746 Octava3
438 661 592 724 necnon
629 623 750 717 etad
777 623 889 714 diem
920 625 1041 716 VIII
1066 629 1145 716 kal.
1182 626 1270 718 Iun
1307 627 1487 754 eiusdem
1530 631 1662 720 Sancti
1690 634 1892 754 translatio

226 801 393 872 notatur.
421 779 575 866 Pluries
603 776 722 859 etiam
750 799 897 858 nomeu
914 770 1113 858 I‘l'atrum
1139 771 1183 858 in
1210 769 1393 858 Rubricis
1420 772 1659 892 legebamus,
1692 795 1733 859 et
1759 779 1803 862 in
1830 776 1912 864 illa

221 926 456 1038 praesertim
483 939 585 1038 quae
611 916 780 1006 habetur
806 912 874 1000 die
900 911 1044 1000 XXVI
1061 909 1221 1028 Aprilis,
1238 913 1375 1000 ubisic
1388 913 1585 1032 legitur:
1604 917 1789 1032 (ffcbm
1805 924 1901 1002 mis-

228 1073 287 1149 se‘
301 1062 353 1152 de
380 1063 563 1152 himas
589 1077 683 1146 ame
711 1047 913 1176 Wgr'lr'cam
941 1056 1197 1144 Ascemrbnis
1237 1059 1413 1172 poscam
1426 1053 1513 1172 fiat
1539 1086 1585 1142 eo
1621 1073 1903 1174 temporeque

213 1201 274 1322 fit
298 1207 345 1290 in
372 1207 491 1292 terris
518 1203 729 1320 r‘rrquibrtr
740 1197 906 1314 fratres
934 1195 1123 1283 imitate
1152 1195 1203 1283 In
1232 1197 1389 1284 rubrica
1417 1227 1582 1315 quoque
1609 1197 1770 1286 Sabbati
1796 1195 1835 1282 S.
1862 1231 1902 1284 a·
2067 1307 2073 1322 .

229 1368 341 1464 perta
367 1349 518 1434 mentio
546 1366 605 1432 est
636 1344 816 1432 Claustri
840 1371 932 1428 sane
960 1343 1167 1430 Fratrum
1195 1336 1308 1424 Illud
1336 1359 1474 1426 tamen
1502 1337 1698 1428 veniebat
1713 1343 1757 1426 iu
1793 1369 1915 1430 men-·

228 1509 312 1576 tem
339 1489 516 1604 antiquis
543 1489 586 1572 in
613 1483 832 1570 Codicibus
844 1478 1011 1592 fratres
1038 1481 1158 1564 etiam
1185 1485 1406 1596 nuncupari
1434 1477 1682 1590 Canonioos,
1719 1485 1803 1569 sive
1830 1487 1906 1569 mi-

229 1637 371 1722 nistros
398 1603 688 1736 ctriuscumque
716 1620 923 1725 eeclesiae,
951 1638 999 1704 ut
1029 1624 1155 1706 etiam
1182 1642 1223 1706 et
1247 1618 1413 1735 fratres
1454 1624 1643 1741 appellari
1679 1623 1910 1712 Cardinales

231 1780 338 1892 ipsos
364 1771 404 1856 S
431 1765 634 1853 Romanae
660 1761 867 1850 Ecclesiae.
894 1757 974 1848 Sed
1001 1787 1097 1849 cum
1124 1762 1285 1852 easdem
1312 1763 1508 1871 rubricas,
1535 1785 1576 1852 et
1602 1761 1909 1878 voeemfratrer

231 1915 276 2003 in
304 1911 525 2014 omnibus,
551 1934 653 2021 quos
679 1903 881 2020 legimus,
916 1907 1194 2020 manuscriptis
1221 1904 1446 1994 missalibus
1483 1903 1652 2022 Apuliae
1669 1906 1912 2026 legissemus,
2043 1985 2050 1998 .

235 2071 279 2140 et
305 2055 349 2138 iu
375 2051 468 2138 Μαι
495 2047 612 2132 etiam
639 2045 835 2132 maximae
862 2041 1013 2130 formae
1039 2045 1351 2134 membranaceis
1377 2044 1621 2160 ecelesiastici
1640 2067 1804 2154 cautam,
1822 2051 1913 2166 qui-

236 2195 313 2282 bus
340 2217 431 2278 ase
459 2187 786 2302 Melphictensem
813 2184 1034 2276 Ecclesiam
1061 2188 1203 2277 donari
1230 2183 1362 2272 voluit
1397 2181 1562 2273 Ioannes
1595 2187 1770 2307 Baptista
1797 2190 1917 2278 Cibo¹

159 2365 165 2372 ·
234 2339 322 2422 eius
349 2331 605 2454 Episcopus,
630 2345 673 2414 et
700 2325 948 2434 cadinalis,
975 2327 1122 2418 deinde
1149 2327 1404 2416 Innocentius
1432 2323 1549 2434 VIII,
1568 2335 1756 2420 continuo
1775 2334 1819 2419 in'
1835 2334 1912 2420 hoc

233 2476 527 2592 acquievimus,
555 2495 783 2562 nostrorum
810 2467 1010 2586 Codicum
1037 2470 1252 2587 Scriptores
1269 2475 1414 2562 scilicet
1433 2504 1482 2560 ex
1499 2471 1612 2560 libris
1630 2473 1819 2561 Fratrum
1836 2476 1914 2562 Mi·

234 2645 409 2726 norum,
435 2620 509 2736 qui
536 2645 639 2732 pene
664 2613 739 2700 soli
766 2610 1043 2702 ecclesiasticos
1071 2615 1191 2720 ritus,
1219 2617 1559 2732 caeremoniasque
1596 2610 1740 2700 callere
1777 2643 1823 2702 ea
1850 2645 1912 2702 ae-

233 2779 315 2846 tate
342 2757 603 2874 putabantur,
631 2755 808 2848 rubrica
834 2756 1079 2870 exscripsisse
1105 2759 1181 2860 ita,
1217 2773 1265 2838 ut
1291 2756 1334 2842 in
1371 2752 1451 2840 illis
1477 2753 1662 2841 iacebant
1690 2739 1822 2840 Simul
1850 2775 1909 2842 et-

236 2905 318 2989 iam
363 2897 534 2989 utillud
561 2901 672 2985 venit
714 2900 757 2983 in
784 2916 962 2988 menam
974 2958 988 3002 ,
1023 2890 1137 3012 quod
1172 2889 1414 3010 Radttlpbua
1450 2891 1692 3013 Tungrensis
1728 2895 1917 2984 Deeanus

241 3048 327 3150 ait,
355 3071 377 3125 a
405 3057 584 3156 tempore
612 3037 760 3126 scilicet
785 3034 942 3124 Nicolai
970 3033 1049 3144 Ill,
1077 3037 1150 3156 qui
1177 3036 1255 3123 sub
1283 3031 1408 3124 finem
1434 3036 1580 3124 saeculi
1606 3035 1715 3126 XIII
1751 3036 1917 3125 Pontifi-

242 3205 376 3270 catum
404 3187 543 3300 gessit,
559 3211 698 3268 omnes
718 3180 850 3266 libros
876 3178 1081 3299 liturgicus
1107 3201 1236 3270 novos
1246 3173 1395 3292 fecisse
1422 3195 1461 3262 et
1489 3176 1919 3268 Itbmieiscanosdlaec

239 3353 344 3440 quae
371 3320 423 3407 de
449 3321 657 3426 Rubricis,
685 3343 727 3408 et
742 3324 953 3452 'Fratrum
980 3349 1078 3412 voce
1103 3319 1314 3442 hucusque
1347 3318 1525 3406 diximus
1562 3313 1615 3403 de
1641 3314 1726 3410 aliis
1753 3303 1926 3409 Mindi

155 3523 158 3530 ·
242 3467 346 3574 bus,
374 3466 458 3552 sive
485 3461 719 3582 Breyiariis‚
748 3460 800 3547 de
831 3458 980 3574 quibus
1005 3457 1128 3568 iufra,
1156 3459 1261 3548 dicta
1290 3465 1412 3548 etiam
1438 3456 1720 3578 intelligantur.

355 3599 523 3688 Missalis
549 3599 649 3690 alter
677 3597 816 3708 Ordo,
843 3629 969 3720 quem
1006 3599 1061 3692 ob
1096 3601 1235 3690 oeulos
1262 3602 1444 3696 babuisse
1482 3633 1531 3688 ex
1567 3603 1841 3712 humanitate,
1877 3625 1920 3696 et

242 3742 516 3838 benevolentia
549 3743 782 3861 perimignis
809 3744 1007 3831 Ecclesiae
1034 3741 1254 3834 Canusinae
1289 3743 1573 3862 Dignitatem,
1621 3763 1662 3830 et
1689 3741 1919 3834 Canonioo-
2052 3763 2060 3770 '

242 3917 336 3976 rum
365 3885 507 3977 datum
535 3883 635 3990 suit,
656 3883 709 3972 ad
736 3917 859 3976 usum
888 3883 1107 4002 praedictae
1134 3885 1354 3990 Ecclesiae,
1367 3905 1409 3970 et
1437 3884 1611 4004 quidem
1639 3905 1687 3972 ut
1714 3860 1832 4002 plura
1849 3919 1922 3980 sua

138 4131 147 4159 ι
245 4025 342 4117 deut
370 4033 601 4146 argumenta
621 4031 775 4142 ,quae
813 4025 1016 4114 brevitatis
1053 4055 1186 4118 caussa
1213 4030 1456 4136 omittimus,
1483 4003 1547 4115 ad⁴
1572 4025 1697 4114 finem
1733 4053 1922 4148 vergente

239 4165 518 4279 saeculoXIV,
533 4165 690 4254 videnrr
708 4172 893 4286 scriptus3
914 4167 1080 4256 titulum
1093 4167 1212 4266 babet
1228 4168 1517 4264 huiusmodi:
1532 4171 1678 4286 Inerpit
1700 4169 1809 4262 Ordo
1827 4177 1922 4262 mis-

241 4307 341 4399 salr‘s
377 4314 598 4401 secundnm
635 4311 960 4404 consuetudinem
996 4313 1181 4408 Romane
1221 4309 1352 4396 (laia.
1394 4309 1445 4396 Iu
1483 4305 1565 4398 fine
1600 4340 1697 4398 veru
1732 4311 1826 4400 haec
1866 4315 1922 4402 le·

242 4476 400 4570 gustus
416 4475 458 4542 τι
479 4461 562 4544 Hic
589 4475 647 4544 est
660 4457 768 4573 finis
795 4456 987 4544 missali.
1006 4449 1216 4564 zefimto
1243 4449 1344 4538 labro
1379 4452 1549 4541 sitlans
1584 4472 1624 4540 et
1662 4455 1804 4574 gloria
1837 4458 1926 4576 Qui

228 4711 231 4720 Ι
251 4601 403 4710 scripsit
427 4602 582 4714 ,scripta
610 4629 684 4684 sua
712 4595 864 4684 dextra
891 4600 943 4682 sit
970 4591 1186 4692 benedictn
1216 4595 1480 4712 migrata.
1495 4596 1561 4684 Ex
1575 4596 1652 4686 boo
1671 4597 1822 4686 Missali
1840 4599 1922 4686 Ka-

257 4733 476 4832 lendarium
495 4738 749 4832 ¹Canusiuunt
777 4735 942 4847 damus,
969 4756 1128 4830 tumet
1156 4741 1359 4858 propriam
1386 4761 1657 4856 perreumam
1684 4743 1849 4832 uuam
1880 4743 1918 4834 S.

1381 4886 1405 4948 a
