4884 6692
1044 555 1187 676 (CIX
1478 579 1482 598 '

413 735 524 828 XVI.
552 734 661 822 Iunii
685 727 741 817 Ξ
757 727 972 816 lasanum
1002 729 1158 848 duplici
1187 564 1332 818 a)ante
1359 751 1398 820 et
1426 753 1515 849 post
1544 765 1565 820 s
1594 734 1694 822 bene
1722 733 1764 852 in
1781 731 1967 822 Isaurum

302 889 420 972 vertit
448 861 685 968 Mazaciius.
731 873 781 958 In
810 891 946 956 nostro
973 901 1070 958 vero
1098 871 1233 960 codice
1263 877 1397 962 Isauri
1424 875 1590 992 legitur,
1633 905 1706 962 nec
1734 877 1905 962 dubium
1922 875 1974 959 de

304 1029 378 1114 illo
407 1029 489 1143 agi,
518 1052 642 1140 quem
672 1019 935 1104 Doctissimus
964 1017 1039 1102 Vir
1068 1020 1240 1104 advertit
1266 1020 1310 1102 in
1337 1018 1473 1103 Basilii
1493 1019 1721 1135 Menologio
1740 1015 1806 1102 die
1824 1017 1894 1100 VI.
1910 1015 1975 1100 Iu·

301 1169 346 1254 hi
375 1155 686 1397 dedcdrdbiuuiiz
704 1293 920 1386 Dillrndae
941 1297 1056 1418 Vecg.
1076 1333 1221 1387 nomen
1234 1304 1425 1416 scriptum
1440 1305 1616 1389 habetur.
1633 1301 1700 1388 Ad
1716 1303 1855 1387 hanc·
1845 1323 1897 1384 nu
1918 1300 1976 1382 Ε

306 1422 575 1538 inclitissimus
589 1447 664 1534 Vir
678 1445 943 1532 adnotavit=
961 1441 1260 1530 Nechumda
1273 1446 1401 1558 Vzrgu
1420 1448 1555 1552 notior,
1575 1476 1721 1529 verum
1731 1475 1806 1556 pro
1822 1440 1977 1525 Dcdru-

306 1593 382 1676 dae
402 1589 617 1677 videar
598 1619 643 1671 m
661 1583 903 1701 mdogmpho
915 1580 1056 1694 suesce
1077 1581 1300 1671 Gertrudue
1329 1602 1397 1666 am
1417 1585 1633 1674 Gir-[rudae
1652 1618 1679 1667 a
1692 1581 1980 1681 Bruhmm'uto,

307 1737 428 1816 aiano
459 1729 559 1814 Nisi
580 1730 710 1842 potius
739 1743 797 1808 est
828 1719 1038 1806 Hiltrudes
1067 1722 1251 1837 (eadem
1280 1737 1337 1806 cut
1366 1725 1535 1809 diversa
1564 1759 1620 1810 ex
1654 1722 1844 1814 Giumde
1872 1752 1979 1805 meno

306 1905 390 1958 ιιοιι
416 1901 514 1987 queo
541 1865 711 1983 dicere)
745 1865 872 1978 Vzigu
900 1869 943 1945 ιἰι
965 1865 1186 1946 Ηαιιιιοιιιά
1204 1867 1275 1948 sub
1296 1869 1444 1980 Ρὶρίιιο
1471 1867 1593 1982 Rege,
1614 1867 1662 1950 de
1679 1898 1758 1982 qua
1775 1896 1831 1949 ex
1846 1862 1977 1951 Μυῖα-

313 2045 368 2099 ιιο
391 2013 588 2100 Bamnius
616 2007 677 2092 ad
699 2005 881 2093 XXVII
891 2005 1140 2116 Septembris.
1162 2000 1370 2088 Diltrudes
1388 2005 1558 2090 habetur
1573 2035 1736 2120 quoque
1765 2007 1807 2088 in
1834 2022 1978 2090 nostro.

312 2153 405 2239 Nou
435 2179 529 2234 vero
555 2149 648 2232 haec
676 2142 888 2232 Diltrudes
917 2172 965 2226 en
993 2141 1224 2244 Brabautia‚
1245 2141 1310 2224 vel
1340 2143 1390 2227 ab
1419 2144 1630 2230 Hannonia
1658 2145 1887 2256 repetenda,
1906 2145 1976 2229 sed

141 2289 166 2304 ’
314 2325 359 2376 ex
389 2291 531 2404 Anglia
561 2291 703 2400 potius.
731 2287 831 2370 Sane
858 2288 901 2368 in
931 2281 1225 2397 Manyrologiis
1243 2281 1519 2368 Octoboniano
1537 2267 1556 2388 ,¹
1577 2307 1617 2368 et
1645 2283 1836 2369 Fnidensi
1865 2317 1887 2368 a
1916 2283 1978 2366 Cl.

306 2432 481 2548 Georgio
510 2427 624 2515 editis
653 2428 716 2514 (1(
745 2426 821 2512 kal.
851 2426 946 2511 Iulii
976 2421 1023 2508 fit
1052 2427 1203 2508 mentio
1231 2420 1268 2503 S.
1297 2419 1540 2507 Ediltrudae
1568 2428 1610 2506 iu
1638 2423 1838 2508 Britannia
1864 2423 1978 2539 Regi·

306 2605 390 2660 nae.
418 2573 521 2656 Eius
550 2575 669 2656 etiam
699 2573 891 2654 memoria
920 2567 1029 2681 apud
1060 2563 1244 2650 Adonem
1273 2587 1447 2676 prostat,
1476 2561 1528 2648 ad
1557 2595 1679 2678 quem
1698 2563 1895 2682 Georgius
1916 2595 1979 2647 va-

308 2716 491 2796 riationes
520 2714 692 2796 nominis
719 2707 897 2795 eiusdem
926 2708 1152 2810 adnotavit,
1172 2705 1316 2790 scilicet
1335 2705 1588 2810 Edeltrudis,
1607 2705 1813 2790 Dt'lteudzle
1826 2706 1980 2810 ,Bima

314 2851 500 2956 dmdae,
529 2847 814 2954 nihildndae,
853 2867 891 2934 et
920 2831 1188 2936 nimiruum.
1218 2848 1317 2932 Eius
1347 2869 1429 2936 acta
1467 2847 1662 2932 habentur
1691 2846 1800 2958 apud
1835 2847 1982 2934 Mabil-

313 2990 467 3074 lonium
496 3018 591 3075 saec
619 2989 662 3074 Π
690 2990 813 3094 Boin,
844 3011 884 3074 et
911 2988 1021 3102 apud
1049 2987 1358 3094 Bollandianos‚
1389 2993 1458 3104 qui
1500 2992 1658 3103 copiose
1695 2984 1747 3072 dc
1774 2986 1844 3070 illu
1872 2983 1980 3072 dixe·

316 3149 411 3215 runt
439 3129 490 3214 ad
520 3125 629 3214 diem
656 3129 804 3214 XXIII
831 3131 938 3215 lunii
968 3128 1045 3213 sub
1072 3134 1234 3216 nomine
1264 3127 1560 3220 Ethenrudaea
1583 3125 1691 3211 Beda
1722 3155 1885 3240 quoque
1913 3157 1977 3243 ge·
2105 3103 2113 3114 ⁶

316 3275 462 3354 nuinns
491 3241 584 3354 haec
613 3267 665 3354 de
692 3268 760 3356 illa
777 3267 894 3354 habet
922 3269 974 3354 ad
1003 3269 1113 3355 diem
1140 3271 1213 3356 (1(
1243 3270 1317 3354 kal.
1346 3269 1523 3358 Iunii...
1481 3269 1595 3352 S.
1624 3265 1863 3351 Ediltrudae
1891 3266 1981 3352 Vir-

314 3413 415 3525 ginis
446 3430 486 3493 et
512 3409 721 3526 Reginae
710 3440 752 3493 ιιι
780 3409 1007 3514 Britannia,
1035 3416 1149 3497 cuius
1176 3439 1320 3524 corpus
1348 3439 1443 3495 cum
1470 3404 1658 3494 undecim
1686 3411 1906 3496 anniseuset
1923 3437 1980 3494 se·

311 3551 501 3664 pultum,
530 3553 806 3663 incorruptum
835 3553 1042 3637 inventum
1070 3574 1140 3638 est

427 3689 528 3772 XIV
556 3687 695 3774 Iulii
679 3727 722 3793 :i
752 3690 854 3776 limi
879 3707 918 3774 et
947 3689 1101 3778 Ziaclei
1126 3693 1192 3782 M
1219 3695 1411 3806 scriptum
1438 3693 1565 3777 estin
1593 3603 1814 3778 Tutiniauo.
1833 3689 1982 3777 Nullus

316 3827 486 3938 proinde
516 3825 716 3914 dubitavit
744 3829 968 3916 Mamchiue
985 3839 1126 3949 ,quin
1154 3833 1263 3918 ille
1252 3863 1334 3946 ipse
1363 3835 1493 3921 Iustus
1531 3829 1810 3948 intelligendus
1846 3852 1973 3937 esset,

314 3968 368 4060 de
397 3974 553 4084 quoin
586 3969 701 4056 Mart.
729 3969 844 4056 Rom.
873 3972 945 4057 hac
974 3973 1040 4060 die
1077 3999 1136 4062 est
1171 3978 1373 4059 memoria.
1401 3976 1502 4084 Quis
1537 4001 1634 4058 vero
1673 3977 1745 4057 iste
1773 3972 1980 4058 Ziacleusi’

313 4109 469 4221 Auceps
499 4108 639 4196 doctus
668 4114 731 4195 vir
759 4107 912 4221 hacsit3
950 4113 1139 4222 fortasse,
1174 4139 1222 4201 ut
1257 4121 1473 4230 suspicatus
1516 4136 1603 4221 eet,
1640 4117 1741 4201 Iusti
1783 4117 1913 4200 socius
1940 4137 1981 4199 et

314 4245 563 4333 commilito:
593 4253 703 4334 etin
742 4247 878 4336 medio
915 4281 1079 4368 quoque
1121 4259 1232 4342 affert
1260 4255 1515 4372 Alpheum,
1553 4276 1593 4340 et
1622 4255 1825 4340 Zacheum
1853 4253 1982 4342 Mart.

316 4393 360 4474 in
390 4389 605 4476 Palaestina
633 4421 682 4478 ex
709 4391 829 4476 Mart.
862 4396 983 4478 etiam
1011 4394 1193 4481 Romano
1220 4418 1334 4480 notos
1370 4395 1423 4480 ad
1451 4393 1625 4482 XXVII.
1654 4393 1904 4481 Novembris.
1932 4394 1981 4479 Iu

313 4549 448 4614 nostro
478 4559 574 4616 vero
601 4527 736 4618 codice
763 4559 846 4617 non
876 4533 1033 4620 Ziaclei
1058 4529 1223 4653 legitur,
1251 4533 1322 4623 sed
1350 4535 1542 4644 Eraclei,
1570 4567 1619 4623 ex
1648 4567 1731 4650 quo
1759 4541 1802 4623 iu
1820 4567 1908 4622 eam
1927 4533 1982 4620 fa·

317 4668 391 4754 cile
419 4669 695 4759 descendimus
722 4677 954 4759 senteutiam
991 4673 1043 4760 de
1072 4675 1324 4770 SHeracla
1351 4675 1620 4765 Alexandrino
1647 4678 1868 4764 Patriarcha
1906 4681 1982 4762 mi·

317 4840 383 4894 rae
410 4811 640 4901 eruditionis
661 4813 797 4921 viro,
824 4815 889 4902 hic
916 4820 1010 4936 agi,
1038 4845 1168 4935 quum
1195 4787 1423 4934 piaesertim
1459 4824 1544 4910 eiua
1571 4824 1615 4911 in
1641 4819 1740 4911 Mar·
1767 4819 1881 4910 Rom·
1910 4818 1982 4908 hac

315 4954 399 5064 ipsa
427 4950 492 5042 die
519 4959 670 5045 mentio
697 4957 898 5046 habeatur·
1778 4992 1786 5006 ·

1098 5283 1155 5402 ⁴
1241 5427 1247 5438 .
