4870 6630
1227 637 1403 758 (124)
1531 723 1546 738 .

478 813 710 904 claruerunt
731 805 824 896 riri.
853 812 918 896 Ex
946 807 1095 928 quihus
1132 813 1259 900 multa
1296 831 1404 928 grata
1441 803 1481 895 et
1520 806 1722 894 imitanda.
1766 809 1984 894 innumeris
2020 812 2156 908 inven-

478 951 647 1037 diuntur
663 948 752 1068 (sic)
772 949 984 1038 codicibus
1013 959 1115 1037 inter
1134 981 1236 1066 quos
1254 953 1394 1037 heatus
1407 981 1454 1036 ac
1473 951 1707 1038 venerahilis
1727 954 1906 1036 canosine
1925 907 2159 1040 ecclesiesh
2266 937 2271 946 ’

475 1103 593 1186 binus
622 1100 833 1183 invenitur.
863 1097 941 1182 Hic
970 1100 1078 1179 enim
1107 1096 1158 1181 ab
1186 1092 1349 1188 infantia
1377 1098 1643 1208 omnipotenti
1663 1095 1832 1180 domino
1853 1096 2005 1182 viribus
2023 1102 2151 1182 omniss

476 1241 551 1324 bus
589 1238 742 1352 placere
790 1217 963 1352 cupiens.
993 1241 1198 1351 carnisque
1226 1258 1478 1322 contemnens
1508 1238 1766 1323 voluntatem
1795 1243 1975 1324 animum
2015 1236 2067 1323 ad
2096 1270 2155 1324 oe-

477 1376 585 1464 lestia
614 1374 868 1465 sublimabat.
896 1380 1021 1463 Tanta
1049 1369 1090 1463 in
1120 1379 1191 1462 illo
1217 1400 1300 1464 erat
1328 1381 1459 1494 gratia.
1489 1400 1536 1462 ut
1564 1377 1704 1462 nullus
1741 1371 1959 1496 ambigeret
1996 1379 2149 1465 celestia

479 1523 658 1635 cogitare.
687 1518 801 1604 Illius
830 1525 949 1605 etiam
978 1548 1080 1633 opus
1108 1517 1216 1602 foris·
1231 1513 1462 1604 ostendebat
1490 1517 1602 1632 quod
1631 1521 1796 1604 interius
1814 1513 1816 1516 ’
1833 1516 1988 1604 assidue
2026 1517 2153 1604 medi-

476 1663 641 1750 tabatur.
670 1681 712 1741 ε
743 1691 778 1746 r.
1025 1657 1028 1663 ’
1853 1683 1856 1690 ⁴

590 1806 696 1890 Ecce
725 1835 818 1890 vere
847 1795 1022 1890 israelita
1043 1807 1085 1894 in
1114 1833 1199 1917 quo
1227 1800 1348 1886 dolus
1376 1821 1534 1886 nonest
1548 1805 1740 1886 inventus
1760 1804 1831 1914 qui
1846 1801 2036 1913 probatus
2053 1824 2154 1890 tem-

476 1937 662 2053 ptamina*
677 1968 745 2032 est.
773 1943 962 2030 Sacerdos
990 1935 1298 2062 magnusssiuxta
1327 1939 1512 2027 ordinem
1541 1938 1837 2027 Melchisedech.
1870 1952 1904 2022 ὓ.
1931 1947 2067 2027 statuit
2095 1943 2153 2030 illi

475 2100 754 2170 testamentum
783 2089 1073 2199 sempiternum
1101 2085 1197 2199 quia
1226 2085 1417 2197 probatus
1444 2105 1661 2198 temptatus
1689 2107 1757 2170 est.
1784 2081 1983 2170 Sacerdos.
2021 2079 2025 2086 ’

1209 2369 1316 2456 Lect.
1347 2367 1426 2454 III.

588 2652 686 2736 Erat
716 2656 823 2737 enim
851 2655 1005 2764 pietatis
1034 2655 1216 2738 intentus.
1244 2652 1394 2736 iustitie
1422 2675 1583 2737 amator.
1613 2651 1852 2764 pauperibus
1881 2651 2052 2768 largitor.
2080 2651 2153 2736 ho-
2188 2739 2192 2745 ,

473 2789 648 2904 spitibus¹
672 2815 814 2910 gratus.
835 2793 1117 2906 Orphanorum
1146 2793 1336 2878 levamen.
1366 2789 1593 2876 Viduarum
1623 2813 1726 2876 certa
1755 2787 1959 2902 protectio.
1975 2791 2075 2897 Quis
2097 2787 2149 2872 ad

472 2932 590 3015 illurn
619 2936 737 3016 tristis
766 2931 929 3048 advenit
954 2955 994 3016 et
1023 2963 1104 3016 non
1132 2923 1233 3016 letos
1251 2932 1524 3017 abscessums?
1552 2929 1652 3038 Quis
1680 2933 1722 3012 in
1750 2931 1856 3012 illias
1884 2932 2009 3016 oculis
2038 2939 2092 3015 ira
2112 2963 2156 3014 a·

474 3076 617 3182 gitatus
647 3103 726 3155 non
755 3095 813 3156 est
842 3072 954 3156 illico
979 3053 1138 3155 sedatus
1164 3073 1182 3153 ‚³
1211 3063 1312 3177 Quis
1338 3072 1441 3155 fastu
1472 3070 1657 3182 superbie
1685 3069 1967 3154 inflammatus.
1993 3094 2034 3155 et
2071 3103 2152 3155 noo

472 3185 580 3266 illius
609 3189 812 3288 insaniam*
829 3185 1114 3300 mitigavitiex
1139 3184 1246 3268 illius
1274 3188 1468 3297 orequasi
1496 3185 1663 3267 serotina
1692 3205 1733 3266 ct
1763 3189 1995 3293 temporaria
2012 3185 2147 3296 pluvia

476 3321 598 3405 corda
627 3323 875 3409 audientium
904 3327 1035 3438 elapso
1062 3325 1285 3440 irrigabant.
1313 3323 1444 3408 Nemo
1472 3321 1574 3454 dure
1603 3328 1747 3408 mentis
1774 3321 1826 3406 ad
1855 3325 1975 3408 illum
2014 3333 2151 3410 venire

476 3484 628 3576 poterat
656 3471 728 3578 qui
748 3498 837 3552 oon
866 3465 1045 3552 eiusdem
1074 3464 1296 3552 doctrinam
1324 3461 1546 3582 delectaret.

1251 3607 1374 3724 Hesp.
1449 3707 1451 3712 ,

589 3725 627 3825 Ο
656 3773 780 3856 quam
809 3742 1053 3830 admirabilis
1081 3747 1144 3825 vir
1172 3745 1244 3825 iste
1272 3744 1440 3828 Sabinus
1468 3749 1569 3832 inter
1597 3749 1784 3830 antistites
1814 3747 1930 3830 nobis
1959 3750 2029 3861 qui
2046 3811 2082 3832 ..
2117 3815 2155 3834 ..

465 3967 576 3991 m

1138 4195 1240 4269 Lect.
1270 4191 1329 4264 II.

577 4319 644 4394 Sed
669 4333 701 4392 et
723 4347 807 4398 sam
827 4315 1000 4394 &aedicto
1024 4316 1147 4400 Christi
1172 4319 1295 4394 famulo
1318 4323 1352 4392 in
1376 4320 1499 4406 Casino
1522 4334 1629 4394 castro
1655 4301 1765 4419 posite
1787 4317 1916 4394 assidua
1941 4319 2085 4395 amicitia
2102 4324 2153 4396 Ιο-

474 4445 649 4546 quebatur.
676 4449 834 4552 Eumqoe
859 4435 1003 4549 inrisere
1021 4475 1080 4548 per
1100 4448 1243 4549 singolos
1264 4469 1367 4524 annos
1389 4459 1600 4522 consuerant
1626 4459 1662 4519 ut
1686 4446 1853 4544 gregorios
1890 4471 2026 4521 conane
2052 4449 2149 4522 urhis

480 4587 589 4646 narrat
611 4575 792 4673 episcopus.
1340 4639 1342 4644 .

817 4787 822 4794 .
1203 4701 1306 4776 [σοι.
1335 4701 1417 4778 III.

574 4826 664 4907 Natu
688 4828 834 4929 quodam
859 4842 1011 4935 tempore
1032 4829 1077 4904 ad
1102 4828 1247 4906 eundem
1271 4827 1324 4902 dei
1347 4826 1509 4902 famulam
1532 4827 1746 4902 benedicturo
1772 4821 1916 4926 preditus
1934 4815 1989 4904 vir
2008 4832 2152 4904 visitan-

473 4953 508 5026 di
534 4956 636 5051 gratia
660 4954 843 5038 advenisset
866 4955 966 5062 etde
992 4954 1095 5059 totyla
1120 4956 1396 5058 gottorumrega
1420 4983 1459 5032 ac
1495 4981 1631 5032 romane
1665 4955 1759 5031 urbis
1792 4958 1929 5034 interitu
1949 4959 2147 5058 eloquu'cio

475 5082 627 5157 oriretur.
652 5081 844 5159 &nedictus
868 5083 926 5164 ait.
1040 5135 1042 5140 -
1110 5141 1115 5158 ,
1203 5145 1208 5156 .
1507 5095 1510 5100 ’
