4914 6610
1234 544 1252 662 (
1286 573 1361 638 20⁰
1389 543 1406 660 l

477 713 574 832 suit,
603 717 775 808 Risando
804 718 994 805 successit
1013 715 1134 802 Hunc
1160 743 1323 832 quoque
1346 710 1627 799 aMinervinio
1654 710 1874 806 indicatum
1888 713 1973 802 eius
1989 709 2155 832 diligen·

479 875 554 952 tiae
583 894 654 950 nos
683 860 902 946 adscribere
929 887 1009 942 non
1038 861 1156 974 piget.
1185 856 1285 958 Sane
1313 855 1355 935 in
1391 854 1658 962 Transumto,
1685 877 1732 940 ut
1759 859 1897 960 aiunt,
1926 857 2154 976 Privilegio·

480 1039 572 1092 rum
601 1005 778 1090 Barensis
807 1001 1004 1090 Ecclesiae
1031 999 1097 1084 die
1127 998 1293 1092 XVIII.
1321 992 1507 1082 Octobris
1535 1027 1595 1086 an
1629 996 1942 1120 MCCLXXII.
1956 998 2161 1088 sollemni.

480 1170 539 1230 ter
576 1145 734 1260 publica
763 1146 883 1228 etiam
920 1143 1061 1226 notarii
1079 1141 1308 1224 auctoritate
1326 1140 1542 1246 accedente,
1557 1143 1715 1253 scripto,
1734 1144 1837 1226 inter
1856 1165 2003 1229 ceteros
2021 1173 2159 1258 quam·

477 1290 612 1402 plures
652 1285 907 1398 Episcopos,
954 1285 1009 1364 sic
1046 1279 1189 1396 legitur
1231 1280 1502 1395 subscripsisse
1540 1283 1680 1366 Petrus
1728 1304 1869 1376 noster.
1913 1305 1956 1376 a
2017 1286 2158 1374 Petrus

483 1427 723 1542 Molsttensis
752 1424 896 1510 electus
924 1428 1019 1540 qzuu
1046 1419 1214 1533 interfui
1238 1424 1455 1538 subscripsi
1478 1454 1522 1516 ς·
1564 1419 1638 1538 (ι),

559 1545 561 1550 ⁵
597 1567 774 1684 Angelus
803 1565 834 1648 L
863 1568 934 1680 qui
963 1565 1143 1692 sequitur
1171 1560 1395 1676 Episcopus
1422 1561 1650 1680 diligentiae
1668 1595 1830 1680 quoque
1848 1565 2075 1652 Mineruinii
2094 1596 2161 1651 no

484 1716 555 1796 stri
584 1707 773 1812 debetur,
802 1708 887 1794 eius
916 1706 1161 1789 mentionem
1189 1697 1276 1785 lieri
1305 1697 1404 1787 dicit
1431 1705 1473 1785 in
1502 1699 1685 1818 Epistola
1712 1703 1957 1792 NicolaiIV.
1977 1703 2031 1789 G.
2055 1704 2163 1790 Sabis

481 1855 591 1937 nensi
620 1851 819 1963 Episcopo
848 1847 939 1942 data
978 1873 1080 1929 anno
1110 1831 1507 1954 MCCLXXXIX,
1545 1849 1717 1964 quaein
1755 1842 1951 1930 Vaticano
1988 1843 2163 1936 archivo

483 2015 671 2088 servatur,
691 1993 791 2087 Eius
819 1993 966 2103 pariter
996 1985 1144 2101 Angeli
1169 1989 1404 2068 memoriam
1432 1983 1518 2072 fieri
1549 1987 1741 2096 adfirmat
1759 1989 1802 2072 in
1830 1981 1988 2080 Chartis
2015 1985 2163 2078 Caven,

483 2143 547 2220 ais
563 2135 789 2218 blonasterii
819 2159 922 2214 anno
942 2121 1311 2228 MCCLXXXII-
1331 2127 1734 2236 MCCXXXXVII
1743 2191 1755 2234 2
1784 2152 1824 2223 et
1850 2135 1894 2230 in
1922 2132 1993 2230 hac
2020 2129 2162 2228 ultima

391 2341 404 2352 „
486 2273 686 2386 Angelum
715 2267 965 2355 Saraceuum
986 2265 1183 2380 appellari,
1463 2345 1465 2348 ,
1853 2339 1856 2344 ,

603 2417 654 2500 F.
684 2409 846 2496 Paullus
874 2441 922 2494 ex
951 2406 1104 2492 Ordine
1132 2406 1339 2491 Minorum
1369 2423 1486 2485 notus
1513 2399 1724 2517 Ughellio,
1750 2423 1790 2486 et
1832 2403 2163 2522 Historlographis

471 2557 628 2647 ,nostris
657 2582 678 2634 a
708 2545 987 2632 Cardinalibus
1014 2543 1171 2645 Thoma
1206 2547 1264 2638 tit,
1292 2543 1329 2634 S,
1358 2539 1566 2644 Marcelli,
1603 2561 1644 2626 et
1672 2541 1790 2656 Petro
1817 2541 1855 2635 S.
1870 2635 1871 2638 g
1884 2544 2090 2646 Eustachii
2118 2575 2166 2636 ex

491 2696 530 2778 S.
559 2692 768 2777 Caelestini
796 2689 845 2776 V.
875 2673 1122 2807 delegatione
1150 2685 1326 2786 electus,
1353 2681 1432 2766 fuit
1457 2678 1603 2782 deinde
1639 2714 1662 2767 a
1690 2681 1893 2770 Bonifacio
1920 2683 2033 2776 VIII,
2054 2671 2161 2804 anno

490 2833 762 2924 MCCXCV.
792 2829 1059 2917 confirmatus.
1088 2828 1222 2913 Huius
1250 2825 1438 2937 Episcopi
1467 2826 1509 2908 io
1537 2822 1680 2913 Clrarta
1725 2825 1949 2913 Monasterii
1980 2825 2165 2940 Cavensis

489 2987 603 3063 anno
622 2979 686 3068 M
684 2975 876 3062 CCCIII
891 2995 931 3056 et
958 2977 1002 3058 in
1030 2969 1153 3073 altero
1179 2966 1366 3058 Tranensi
1385 2977 1488 3060 antio
1508 2966 1572 3062 M
1570 2965 1741 3063 CCCV
1735 2967 1788 3060 IL
1807 2969 2049 3060 mentionem
2078 2965 2165 3059 fieri

489 3095 676 3204 adfirmat
704 3103 976 3197 Minervinius

606 3253 845 3344 Paschalem
872 3251 922 3350 de
948 3252 1094 3344 ¹Penne
1139 3249 1317 3336 ommuni
1361 3245 1544 3362 refluunt
1571 3277 1678 3332 auno
1707 3249 2006 3352 MCCCXVI
2041 3251 2169 3340 Tubu·

493 3385 558 3482 lue
587 3392 908 3510 Melplu'ctenses.
937 3391 997 3476 Ita
1026 3388 1256 3508 Uglrellius,
1284 3417 1356 3483 nec
1376 3383 1549 3501 aliquod
1575 3385 1810 3492 addendum
1837 3388 2039 3486 habemus

613 3533 784 3620 Iacobus
803 3529 834 3614 Ῑ.
853 3563 902 3622 ex
932 3529 1094 3622 Berensi
1122 3525 1358 3614 Provinciali
1386 3525 1566 3618 Concilio
1592 3530 1792 3625 occasione
1820 3525 2075 3626 dedicationis
2094 3529 2170 3618 Ec,

497 3675 635 3763 clesiae
664 3674 705 3762 S.
732 3672 964 3772 Catharinae
992 3672 1097 3758 Barii
1126 3701 1149 3774 a
1197 3666 1436 3783 Landulpto
1485 3667 1788 3780 Archiepiscopo
1821 3665 1955 3766 habito
1982 3664 2050 3766 die
2077 3664 2167 3762 XV,
2384 3775 2388 3782 ι

439 3849 449 3862 ·
496 3813 669 3929 Augusti
696 3839 800 3898 anno
827 3811 1077 3914 MCCCXI
1100 3813 1337 3912 innotescit,
1365 3814 1549 3928 quamtis
1577 3827 1617 3904 et
1654 3793 1952 3910 Damiauo,et
1986 3795 2174 3920 Ugbellio

498 3957 668 4092 ignotus.
697 3952 798 4037 Eius
828 3951 966 4036 notitia
995 3947 1224 4042 Lomtardo
1251 3945 1435 4055 debetur,
1463 3953 1535 4068 qui
1564 3950 1730 4062 inquirit
1744 3967 1884 4032 utrum
1904 3945 2070 4036 Iacobus
2088 3951 2176 4058 iste,

495 4413 500 4420 ¹
600 4319 658 4420 (r)
684 4320 856 4432 Scriptum
880 4316 946 4394 hoc
969 4340 1011 4397 eu
1035 4323 1128 4415 parte
1153 4305 1302 4408 vulgavit
1326 4322 1440 4387 auctor
1453 4309 1584 4410 insignis
1601 4309 1720 4408 operis:
1738 4307 1777 4382 Il
1804 4307 1973 4413 collegio
2001 4303 2171 4381 Muttito

501 4451 614 4544 plum
638 4462 818 4528 sostenuto
845 4447 938 4530 nelle
961 4467 1028 4528 sue
1054 4465 1133 4536 vere
1149 4439 1275 4541 regale
1301 4436 1555 4537 diplomaticbe
1572 4449 1608 4499 τ·
1636 4431 1757 4509 scilicet
1774 4433 1820 4506 D.
1847 4433 1967 4508 Petrus
1989 4431 2173 4506 MariaRo-

502 4576 604 4648 siuius
628 4599 670 4648 ex
695 4570 952 4646 Olivetanorum
976 4569 1122 4666 familia,
1150 4567 1356 4660 doctissimus
1386 4564 1617 4665 quidamvir,
1639 4574 1673 4636 et
1697 4563 1871 4664 piissimos,
1889 4561 1981 4634 cuius
2021 4561 2180 4634 memoria

502 4716 616 4782 nostro
642 4702 705 4776 erit
728 4691 858 4774 aetum
883 4701 918 4772 in
942 4710 1074 4798 pectore
1094 4725 1106 4786 ;
1132 4721 1192 4772 nos
1216 4699 1326 4787 cuim,
1354 4717 1434 4767 cum
1458 4690 1512 4769 itta
1535 4695 1685 4790 viveret,
1711 4707 1745 4786 ct
1768 4713 1827 4764 uos
1850 4685 1993 4787 Neapoli
2017 4711 2176 4792 emmas,

503 4828 649 4950 plurimo
674 4841 861 4936 prosecutus
884 4839 932 4906 est
956 4853 1099 4924 amors,
1127 4837 1160 4944 et
1183 4820 1426 4918 benevolentia,

2296 3909 2438 4102 'a
