4914 6610
1074 551 1252 667 (187)

243 730 249 740 '
328 719 379 805 ad
407 721 653 806 occidentem
690 747 851 804 versum
890 723 964 824 sit,
994 719 1114 833 pedes
1143 751 1240 806 vero
1275 719 1327 806 ad
1356 719 1579 806 Orientem:
1603 739 1780 806 ceterum
1808 741 1987 810 nostrum

320 861 429 946 istud
458 860 671 972 perfectam
702 857 1055 970 Hierosolymitani
1084 861 1265 974 Sepulcri
1296 866 1508 980 imaginem
1537 859 1666 948 refert

346 1090 351 1100 ¹
428 1000 509 1109 Qui
539 1001 654 1114 plura
683 997 734 1084 de
763 999 835 1084 hac
864 1021 947 1084 tam
975 1000 1126 1087 celebri
1160 1001 1366 1110 Ecclesia,
1395 1035 1497 1119 quae
1526 1003 1775 1090 saeculorum
1793 1009 1990 1110 iniuriam,

318 1159 361 1226 et
389 1131 571 1252 repetitas
600 1140 863 1254 direptiones,
893 1138 1296 1256 depraedationesque
1323 1141 1547 1229 Turcarum
1577 1147 1700 1250 vicit,
1728 1149 1827 1230 scire
1854 1144 1989 1229 volne-

319 1283 405 1389 rit‚
435 1287 467 1365 is
496 1311 613 1396 supra
643 1281 822 1368 laudatos
847 1281 1068 1396 Scriptores
1098 1284 1228 1399 legat,
1266 1280 1523 1397 consolerque
1559 1287 1685 1387 item,
1727 1287 1761 1368 si
1799 1281 1990 1397 placuerit

317 1425 414 1508 Acta
447 1426 680 1506 visitationis
717 1420 940 1534 praedictae
969 1421 1167 1508 Ecclesiae
1205 1425 1257 1510 ab
1285 1423 1391 1509 Ill.mo
1410 1423 1605 1510 Sarnellio
1642 1447 1849 1537 peractae,
1893 1455 1996 1538 quae

317 1571 361 1652 in
389 1564 563 1649 Arclriro
591 1563 837 1677 Episcopalis
866 1559 1010 1646 Curiae
1038 1585 1256 1650 servantur.
1285 1539 1452 1651 Publici
1473 1587 1605 1650 tamen
1643 1566 1740 1648 iuris
1768 1559 1998 1648 faciendum

320 1710 593 1791 existimamus
623 1707 887 1820 Epitaphium
915 1703 1098 1789 versibus
1126 1733 1218 1792 sane
1248 1708 1492 1824 elegantibus
1529 1705 1802 1819 suavibusque
1819 1704 1870 1790 ab
1889 1702 1997 1790 lll.¹'²⁰

254 1919 266 1932 .
318 1845 447 1932 Bovio
490 1852 665 1960 positum
685 1867 689 1875 “
706 1876 826 1960 super
868 1843 1077 1930 tumulum
1106 1841 1219 1934 Servi
1248 1851 1325 1936 Dei
1369 1855 1531 1936 nornine
1568 1845 1737 1936 Natalis
1771 1845 1999 1954 Clementis,

303 1985 432 2112 ‘quod
461 1990 606 2104 legitur
634 1991 675 2070 in
704 1991 935 2099 pavimento
962 2015 1055 2078 ante
1083 1991 1188 2078 lones
1217 1991 1463 2106 Cappellae‚
1500 2010 1548 2076 ut
1585 2008 1757 2090 vocant,
1786 1983 1831 2072 B.
1869 1983 1999 2104 Virgi-

315 2127 400 2227 nis,
431 2143 569 2244 estque
598 2148 644 2212 ut
673 2133 863 2246 sequitur:

434 2377 518 2490 ,Qui
550 2380 624 2468 tibi
652 2384 694 2466 in
722 2383 793 2470 hac
819 2411 927 2468 sacra
955 2382 1107 2470 Natalis
1135 2388 1275 2470 serviit
1301 2385 1399 2474 aede

489 2521 617 2610 Nocte
646 2521 792 2650 dieque
819 2529 900 2610 tuis
929 2548 1038 2611 totus
1066 2530 1111 2610 in
1139 2525 1341 2642 obsequiis
1373 2524 1436 2643 (t)

415 2660 573 2772 *Quam
601 2664 724 2751 coluit
753 2672 922 2771 vivens,
950 2671 1037 2782 ipsa
1066 2699 1138 2754 nec
1169 2689 1298 2752 morte
1329 2664 1492 2783 reliquit

488 2804 541 2898 Et
570 2813 668 2894 iacet
696 2830 785 2900 ante
814 2829 901 2898 tuas
932 2809 1057 2926 Virgo
1085 2812 1198 2898 beata
1225 2809 1338 2892 fores.

437 2945 493 3042 Id
523 2948 653 3036 voluit
681 2953 885 3056 moriens,
913 2981 964 3038 ne
992 2948 1207 3066 dedignare
1235 2976 1444 3062 precamur

320 3127 332 3168 ι
376 3147 379 3158 ·
489 3089 737 3180 sedentia
764 3111 897 3206 optata
925 3089 1099 3176 molliter
1127 3087 1213 3176 ossa
1241 3089 1397 3175 cubent
1488 3107 1490 3112 '
1636 3143 1642 3154 ·

365 3331 369 3338 ι
432 3227 523 3326 Hoc
551 3235 671 3316 sanni
700 3260 830 3322 mores
859 3234 982 3319 animi
1010 3229 1237 3345 candorque
1265 3227 1446 3348 fidesque

498 3367 589 3459 Hoc
615 3373 762 3462 meruit
789 3375 934 3496 pietas,
962 3372 1243 3496 angelicusque
1270 3371 1425 3495 pudor..

412 4307 472 4409 (1)
500 4303 827 4407 Eaeratqnondanr
851 4325 929 4402 erge
954 4299 1019 4377 SS.
1039 4303 1103 4378 Dei
1126 4303 1272 4378 Matrem
1296 4301 1399 4402 pietas
1421 4301 1559 4402 e‘nrsque
1574 4323 1709 4376 sacram
1724 4295 1908 4400 Imaginem
1931 4301 1995 4382 bne

316 4443 352 4524 in
378 4437 522 4518 Ecclesia
553 4446 719 4508 servatam
749 4430 876 4509 civium
901 4443 1090 4506 nostrorum
1116 4429 1281 4527 devotio,
1307 4443 1346 4504 ut
1368 4429 1477 4530 plinus
1501 4427 1768 4528 ipsiusEoclesiae
1790 4429 1925 4506 savino
1948 4453 1985 4508 sc

313 4569 458 4641 omnino
484 4561 631 4644 addicor
655 4561 926 4659 mancipatosqne
948 4553 1099 4648 velent3
1127 4554 1228 4660 idque
1250 4555 1338 4657 apud
1369 4554 1504 4656 pblioe
1526 4553 1744 4638 Nuntium
1764 4569 1838 4636 ncta
1858 4613 1870 4658 ,
1891 4583 1978 4664 qm

312 4691 453 4808 plurim
479 4690 620 4797 antiquis
644 4691 679 4767 in
702 4685 840 4766 Schedls
876 4683 1031 4786 legimns,
1058 4683 1257 4766 sottum
1280 4684 1490 4826 iminuerrqt.
1685 4738 1688 4746 -

1293 4947 1318 4986 q
