4914 6610
984 635 987 640 ·
1068 576 1086 694 (
1122 579 1245 697 197)

388 797 391 807 .
439 741 541 826 Post
568 734 762 870 Ioannem
790 737 835 829 II
862 743 923 833 rel
957 742 1022 830 111
1049 744 1258 860 ponendus
1296 742 1456 829 videtur
1486 742 1682 859 Rogerirts
1697 806 1724 850 „
1753 773 1875 860 quem
1918 777 2010 833 mo.

327 904 442 970 nente
471 888 707 970 amicissimo
736 883 835 969 Viro
865 886 1029 998 Ioseplro
1060 885 1262 991 Addozio,
1291 885 1512 972 indicatum
1541 888 1711 1004 legimus
1749 917 1771 971 a
1798 885 1860 972 Cl
1908 888 2006 1001 Epi-

328 1053 447 1136 scopo
482 1023 673 1110 Sarnellio
702 1025 719 1140 (
750 1007 988 1140 Cronologia
1026 1023 1087 1109 de’
1103 1025 1301 1132 Vescovi‚
1339 1027 1391 1113 ed
1421 1029 1672 1112 Arcivescovi
1701 1003 1898 1146 Sipontini
1917 1055 2004 1140 pag,

333 1163 457 1277 181)
487 1163 595 1250 Huic
624 1166 797 1280 Rogerio
826 1195 906 1250 una
936 1199 1030 1254 cum
1061 1167 1240 1254 Barensi
1268 1169 1602 1292 Archiepiscopo,
1630 1190 1670 1251 et
1706 1170 1884 1254 Troiano
1914 1167 2009 1277 Epi·⁴

291 1407 295 1414 ,
327 1333 442 1417 300Ρο
470 1334 576 1392 anm
605 1305 874 1400 MCLXXX
871 1308 923 1396 V
939 1309 990 1394 ab
1028 1312 1193 1400 Urborm
1224 1312 1300 1399 III
1318 1310 1502 1397 mandata
1524 1313 1687 1396 testium
1707 1306 1910 1392 audientia
1930 1302 2008 1387 fuit

329 1459 372 1537 in
399 1482 474 1553 ea,
501 1477 604 1562 quae
634 1435 806 1530 lunulis
835 1475 918 1536 erat
946 1455 1044 1539 acris
1071 1455 1297 1565 Sipontinos
1325 1450 1542 1537 Canonicos
1570 1455 1672 1536 inter
1689 1469 1731 1542 et
1754 1443 2006 1560 Garganicos.

329 1595 480 1680 Similia
516 1615 556 1679 et
592 1619 668 1703 pro
708 1586 849 1671 eadem
885 1619 1016 1676 caussa
1059 1587 1244 1677 mandata
1283 1591 1396 1678 dedit
1425 1594 1678 1700 Innocentius
1707 1587 1772 1674 111
1800 1587 2008 1700 Episcopis

331 1731 615 1848 rnlpbaensi
641 1755 680 1820 et
711 1729 759 1822 V
753 1728 945 1848 igr'lrcnsi,
975 1762 1024 1817 ne
1052 1764 1171 1849 grave
1200 1737 1316 1825 fieret
1333 1711 1577 1852 litigantibus
1595 1722 1867 1842 dispendium.
1882 1724 2005 1810 Unde
2032 1811 2037 1820 ,

331 1907 477 1963 nomen
503 1871 813 1988 'Melpltietensis
842 1873 1031 1986 Episcopi
1059 1872 1120 1958 Cl.
1148 1878 1362 1966 Sarnellius
1389 1875 1583 1981 hauserit,
1612 1876 1795 1990 ignorare
1824 1867 2005 1952 fatemur.

330 2021 523 2130 Quamvis
550 2046 646 2126 vero
674 2013 848 2100 dubium
875 2015 1029 2098 moveri
1059 2020 1182 2126 possit
1212 2042 1359 2130 ‘utrum
1388 2000 1566 2127 Metptit
1601 2037 1650 2093 an
1680 2005 1898 2124 Melplzicti
1926 2009 2005 2091 Ila

326 2154 460 2280 gerim
488 2157 610 2246 fuerit
637 2157 883 2270 Episcopus,
911 2151 1076 2268 dequo
1103 2165 1338 2263 scribimus,
1366 2181 1544 2268 expresse
1575 2167 1706 2233 tamen
1760 2143 2011 2246 Scandilius,

332 2310 444 2391 cuius
473 2303 580 2388 docti
608 2301 711 2403 viri,
740 2298 880 2412 etqui
909 2292 1024 2405 plura
1069 2319 1323 2410 percontatus
1381 2296 1509 2380 fuerat
1548 2288 1759 2376 Tabularia
1808 2307 1848 2368 et
1889 2284 2006 2396 plura

259 2431 261 2438 ¹
334 2449 479 2562 legerat
507 2459 796 2548 monumenta,
824 2431 1045 2534 auctoritati
1084 2437 1268 2554 refragari
1305 2429 1566 2514 temerarium
1604 2451 1705 2534 pene
1743 2438 1852 2502 esset.
1881 2413 2005 2523 Quod

335 2592 366 2671 si
396 2583 566 2672 addatur
595 2570 675 2672 non
703 2589 924 2704 Rogem'um
952 2583 1031 2672 illis
1058 2580 1306 2697 temporibus
1336 2565 1511 2682 Metptt
1537 2561 1681 2649 sedisse
1718 2557 1788 2643 sed
1828 2555 1893 2640 vel
1925 2557 2003 2638 Ro-

330 2727 523 2842 drdplrum
551 2728 614 2814 vel
643 2731 763 2814 etiam
799 2735 884 2816 eius
921 2755 1186 2814 successorem
1214 2711 1516 2808 Guittetmum,
1554 2703 1684 2787 omnis
1720 2696 1897 2807 profecto
1925 2689 2001 2773 du-

185 2966 188 2974 ,
329 2869 450 2954 hietas
479 2889 691 2956 evanescet.
719 2870 844 2954 Porro
873 2872 1090 2984 Roget-ium
1119 2885 1208 2948 ante
1236 2883 1387 2942 annum
1420 2843 1607 2934 MCCII
1627 2837 1769 2924 obiisse
1798 2865 1846 2918 ex
1877 2863 1925 2916 eo
1954 2832 2001 2914 li·

330 2990 428 3125 quet
456 3011 569 3126 quod
597 3015 640 3097 in
668 3007 784 3094 Bulla
812 3007 1002 3122 praedicti
1029 2998 1233 3090 Pontificis
1263 2989 1484 3080 brnoccmii
1517 3012 1565 3067 eo
1602 3007 1705 3064 anno
1743 2974 1835 3060 data
1873 2974 2016 3056 bonae,

333 3156 550 3239 memoriae
578 3149 735 3238 dicitur.
839 3175 844 3186 ·
1302 3221 1303 3226 a
1521 3235 1523 3240 ¹

452 3276 625 3410 Rogerio
653 3292 878 3405 proximus,
906 3308 952 3372 ut
980 3283 1140 3372 videtur
1170 3275 1456 3391 Melplu'ctensi
1482 3265 1680 3354 Ecclesiae
1698 3324 1710 3367 ,
1727 3255 1903 3374 praefuit
1925 3255 2002 3338 Ac·

331 3441 504 3521 carinus.
524 3431 657 3516 Huius
670 3429 996 3540 subscriptionem
1011 3426 1090 3540 legi
1104 3431 1159 3512 sic
1176 3423 1273 3506 Acc-
1291 3421 1332 3501 in
1349 3411 1636 3498 Constitutione
1655 3397 1831 3516 quadam
1845 3395 2002 3507 Daphe

328 3582 378 3663 rii
406 3575 585 3662 Berensis
612 3571 934 3684 Arutepiscopi,
963 3573 1076 3653 cuius
1103 3561 1335 3674 exemplum
1373 3585 1394 3636 a
1424 3545 1677 3665 praelaudato
1705 3541 1873 3628 Uritano
1902 3535 2002 3650 Epi·

332 3747 450 3834 ampo
478 3689 706 3830 acceperat,
744 3731 905 3794 testatur
933 3707 1194 3793 Minervinius
1238 3719 1399 3798 noster,
1443 3689 1593 3776 addens
1631 3686 1717 3769 aliis
1753 3686 1795 3764 in
1824 3678 1999 3776 Chartis,

330 3891 427 3975 quas
455 3864 539 3974 ipse
566 3852 804 3968 collegerat,
841 3847 1044 3934 manifeste
1077 3848 1323 3932 Accarinum
1350 3836 1437 3951 legi.
1466 3833 1522 3918 Et
1559 3829 1623 3913 hic
1651 3844 1754 3909 certe
1792 3819 1896 3920 fuit,
1935 3817 2000 3896 cui

330 4000 547 4121 Ughellio,
589 3993 780 4080 Lucentio
807 4011 847 4074 et
875 3986 1108 4073 Lombardo
1136 3967 1271 4102 ignoto
1299 3981 1459 4074 nomine
1484 4036 1495 4079 ‚
1523 3997 1624 4054 auno
1653 3959 1882 4052 MCCVII
1904 3983 1999 4041 curn

331 4148 416 4231 aliis
443 4132 928 4250 Provinciae‘Episoopis,
956 4121 1207 4236 consecrandi
1236 4126 1279 4205 in
1307 4117 1519 4240 barensem
1548 4103 1902 4213 Arcbiepiscopum
1925 4095 1999 4180 Be-

307 4325 308 4330 *
332 4283 501 4372 rardum
521 4285 565 4369 A
583 4283 703 4367 Cotta
721 4277 972 4363 Innocentius
1000 4270 1063 4354 III
1092 4263 1205 4352 dedit
1235 4259 1469 4348 mandatum
1497 4247 1562 4367 (*).
1620 4349 1628 4364 ὑ

481 4423 574 4532 Quo
620 4448 724 4504 anno
768 4415 990 4504 Acerrimas
1036 4411 1211 4512 obierit,
1256 4410 1449 4488 incertum
1495 4414 1581 4496 est,
1620 4407 1668 4472 ut
1695 4402 1735 4468 et
1773 4381 1847 4496 qui
1894 4373 1994 4461 Mel-

336 4567 524 4682 phictensi
567 4567 610 4651 in
653 4555 746 4644 sede
787 4555 992 4669 proximus
1039 4548 1273 4634 successerit.
1290 4536 1569 4648 'Exploratum
1616 4535 1750 4610 tamen
1793 4538 1851 4603 est
1892 4543 1998 4599 anno

987 4735 1978 4792 ...·.................-------

431 4931 483 5033 (*)
509 4934 665 5010 Cburlntn
690 4930 765 5006 anni
789 4917 981 5002 MCCXlV
1007 4916 1049 4995 ad
1075 4911 1302 4990 Accarrnnm
1327 4907 1546 5004 pertinentem
1584 4889 1743 4967 dabimus
1780 4885 1811 4954 in
1838 4879 1982 4956 11Par.
