4914 6610
1031 579 1050 696 l
1085 609 1156 698 17¹
1191 581 1209 698 )

1072 888 1145 976 uc

392 1171 440 1260 In
471 1176 619 1260 vertice
647 1174 851 1290 siquidem
879 1175 1028 1259 montis
1056 1172 1209 1260 excelso
1237 1178 1363 1290 posita
1392 1195 1450 1264 est
1486 1177 1539 1266 de
1564 1195 1740 1294 ‘corpore
1775 1175 1961 1284 eiusdem,

284 1343 380 1404 saxo
408 1314 595 1430 spelunce
621 1320 743 1404 instar
770 1305 974 1434 precavate
1001 1313 1232 1406 ostenditur.
1261 1317 1337 1406 Est
1376 1341 1510 1408 autem
1554 1325 1595 1408 in
1624 1319 1792 1436 Apulis,
1810 1315 1958 1406 finibus

181 1561 188 1572 .
283 1459 355 1544 nbi
382 1461 484 1544 inter
514 1465 646 1548 sinum
673 1457 925 1554 Adriaticum
953 1477 994 1543 et
1025 1483 1207 1548 montem
1235 1491 1455 1580 garganum
1484 1465 1618 1549 civitas
1637 1461 1863 1577 Sypontum
1883 1474 1953 1574 pd-

278 1621 350 1686 81ῑᾶ
380 1623 446 1690 esi.

1022 1995 1026 2012 ι
1064 1893 1161 1980 ΙΗΙ.

392 2180 475 2288 Qui
504 2213 526 2266 a
555 2179 740 2270 menibus
768 2177 935 2262 civitatis
963 2208 986 2262 a
1014 2175 1229 2263 duodecim
1258 2173 1384 2261 millia
1413 2207 1484 2290 per
1511 2195 1696 2290 ereptum
1726 2175 1788 2292 (1)
1815 2180 1857 2264 in
1884 2205 1943 2262 oa·

275 2328 438 2410 cumino
466 2353 539 2408 suo
566 2325 767 2438 [supremo
803 2320 907 2410 beati
937 2316 1171 2435 Archangeli
1209 2349 1332 2433 quam
1369 2319 1543 2432 prelatus
1586 2341 1781 2438 suggestat
1809 2321 1946 2407 Eccle-

271 2469 329 2550 sia
357 2461 419 2578 (2)
448 2463 547 2547 hanc
575 2462 812 2552 mortalibus
840 2464 916 2556 hoc
944 2459 1071 2554 modo
1098 2463 1297 2576 cognitam
1325 2457 1486 2546 libellus
1522 2463 1566 2546 in
1594 2459 1743 2580 ,eadem
1771 2460 1948 2550 Ecclesia

278 2611 430 2736 positus
461 2604 617 2696 indicat.
1932 2610 1939 2620 .

992 2881 1248 2970 [γ’

6 3220 21 3322 3
319 3258 326 3274 ,
384 3171 483 3257 Erat
514 3174 637 3287 igitur
666 3173 708 3256 in
737 3197 781 3255 ea
810 3172 968 3254 civitate
998 3167 1183 3282 predives
1212 3173 1374 3258 nomine
1402 3169 1611 3287 Garganus
1639 3173 1712 3284 qui
1740 3199 1789 3254 ex
1818 3169 1946 3274 nomi·

272 3348 325 3411 ne
353 3345 426 3400 suo
455 3316 601 3398 montis
631 3311 875 3396 vocabulum
904 3307 1061 3396 indidit.
1090 3309 1224 3395 Huius
1253 3308 1354 3395 dum
1385 3338 1524 3423 pecora
1568 3317 1746 3424 quorum
1784 3303 1939 3396 infinita

6 3509 129 3601 s
273 3453 534 3560 multitudine
562 3453 739 3580 pollebat
767 3455 913 3578 passim
943 3485 1014 3568 per
1042 3453 1196 3548 diversa
1226 3455 1372 3544 montis
1400 3451 1519 3536 latera
1549 3447 1767 3604 pascebant

1067 3735 1138 3824 vt.

379 4017 558 4136 Contigit
585 4038 743 4106 mutum
771 4018 940 4108 armenti
966 4021 1097 4137 gregis
1125 4021 1369 4104 consortium
1397 4039 1648 4132 spernentem
1676 4017 1856 4106 incedere
1884 4051 1943 4108 so·

267 4159 344 4260 lito
372 4181 411 4243 ct
439 4155 493 4250 ad
519 4181 746 4246 extremum
774 4160 1034 4248 redeuntibus
1065 4159 1221 4250 domini
1250 4159 1458 4276 pecoribus
1487 4189 1567 4248 non
1595 4188 1677 4244 esse
1704 4167 1940 4276 regressum.

371 4523 432 4623 (r)
455 4509 581 4607 Canus.
604 4541 746 4609 erectus
768 4527 839 4610 sine
858 4517 1111 4628 praepositione.

375 4649 434 4752 (a)
460 4651 557 4743 Quae
581 4669 760 4764 sequamm
783 4681 888 4760 unpue
914 4655 955 4731 od
979 4655 1080 4734 finem
1104 4655 1252 4738 laetioris
1275 4659 1322 4740 iu·
1352 4657 1476 4798 fanus
1493 4657 1619 4744 desum.
1649 4665 1652 4671 ’
