4870 6630
1316 503 1334 624 (
1369 501 1494 632 1³6.)

515 739 533 788 r
565 703 620 786 sio
648 699 769 781 etlam
797 688 1008 774 scribitur:
1039 679 1273 798 procedente
1302 700 1483 792 tempore
1511 669 1781 763 lerosollmam
1813 675 1959 792 petiit,
1988 672 2065 772 ubl
2099 676 2185 762 otri,

517 881 536 924 u
569 821 664 930 dam
693 861 805 921 servo
834 826 900 916 dci
928 833 969 926 in
998 827 1149 924 Eremo
1180 823 1352 918 manenti
1381 817 1574 924 adhaesit,
1602 815 1766 912 tandem
1804 822 1975 916 sentiens
2016 848 2058 911 se
2089 849 2184 934 qua.

514 1023 534 1066 s
567 985 662 1071 dam
690 972 919 1064 infirmitate
953 990 1120 1053 tactum·
1133 964 1184 1051 de
1213 963 1433 1058 reversione
1462 965 1681 1079 cogitavit,
1718 982 1757 1048 et
1795 963 1989 1077 ingressus
2020 959 2177 1052 Navem

520 1165 538 1210 u
571 1125 733 1212 Barium
764 1121 962 1203 civitatem
992 1111 1029 1203 S,
1059 1107 1213 1195 Nicolai
1243 1106 1436 1220 pervenit,
1465 1104 1521 1188 ibi
1559 1103 1672 1226 beato
1715 1099 1794 1202 flne
1834 1103 1944 1204 diem¹
1989 1101 2181 1204 ultimum

326 1315 330 1324 ·
518 1303 537 1352 u
570 1262 728 1365 clausit,
756 1277 795 1344 et
824 1247 1039 1354 honorifice
1067 1247 1247 1365 sepultus
1275 1242 1428 1331 ibidem
1455 1246 1674 1362 requiescit

582 1542 677 1647 Nee
705 1537 890 1624 Bovarioa
918 1530 1102 1634 Historia,
1119 1559 1222 1648 quac
1251 1553 1357 1610 anno
1393 1523 1495 1607 1662
1528 1528 1572 1608 in
1599 1527 1729 1615 herem
1752 1529 1913 1644 prodti't',
1929 1526 1980 1620 de
1999 1543 2127 1620 nostro

812 1679 979 1778 Bonam
1007 1667 1125 1775 silet,
1154 1668 1251 1802 quin
1280 1670 1404 1766 immo
1432 1663 1532 1765 daec
1560 1663 1611 1763 de
1640 1665 1704 1764 itte
1732 1685 1884 1765 narret,

638 1995 656 2039 r
689 1955 770 2041 Sed
798 1985 849 2042 nc
876 1985 897 2036 e
927 1950 1017 2036 solis
1034 1949 1366 2034 Monasterlorum
1383 1946 1583 2064 plantariis
1611 1953 1762 2062 pletatis
1791 1950 1930 2056 flores,
1949 1949 2186 2065 fructusque

394 2169 398 2180 .
473 2095 475 2100 ’
535 2143 554 2196 e
587 2104 714 2190 serreo
742 2099 818 2184 boo
846 2124 948 2186 anno
976 2087 1168 2212 prodiisse
1182 2119 1269 2174 sero
1298 2091 1499 2216 posteritas
1514 2089 1709 2196 crederet,
1725 2089 1895 2178 Numini
1916 2091 2063 2217 placuit
2084 2097 2190 2206 prins
2265 2103 2267 2108 ‘

534 2281 553 2328 n
589 2247 727 2356 cipum
757 2235 945 2322 domibus
973 2229 1071 2348 (ubi
1100 2233 1255 2352 quoties
1283 2233 1410 2317 ¹rirtus
1436 2254 1516 2351 est,
1545 2235 1658 2316 toties
1687 2259 1771 2324 rara
1799 2253 1878 2338 est,
1907 2252 1945 2320 et
1972 2229 2189 2345 excellens)

524 2423 543 2478 e
585 2390 752 2472 inserere
780 2379 1031 2472 sanetitatem,
1061 2350 1121 2458 Ut
1149 2371 1236 2494 elia·
1254 2393 1402 2481 taceam
1430 2373 1630 2488 exempla:
1652 2373 1723 2492 ltao
1739 2388 1966 2494 tempestate
1983 2371 2070 2470 duo
2095 2405 2184 2488 pro÷

392 2595 394 2600 ,
535 2565 553 2606 r
586 2531 841 2624 micuerunt,
869 2522 911 2618 in
939 2515 1116 2606 Henrico
1144 2546 1288 2634 nempe
1315 2517 1430 2603 Duce
1457 2499 1666 2626 Bavatiae,
1694 2539 1733 2614 et
1760 2511 1944 2618 Conrado
1983 2521 2105 2632 ipsius
2132 2515 2180 2602 fi..

536 2709 554 2760 rr
586 2668 651 2753 lio.
680 2664 759 2752 Hic
786 2666 938 2778 parenti
966 2659 1093 2749 fecem
1122 2659 1348 2780 praelusit,
1376 2685 1447 2753 nec
1476 2655 1638 2755 delirare
1646 2663 1732 2749 vlro
1761 2665 1915 2774 optimo
1946 2653 2177 2747 laudatores.

535 2849 555 2901 r
588 2809 683 2896 Post
709 2801 1014 2892 adolescentiam
1043 2801 1084 2895 in
1111 2775 1334 2889 litterarum
1362 2793 1475 2918 lyceo
1503 2797 1692 2894 Coloniae
1719 2821 1946 2926 peractam,
1982 2829 2075 2886 cum
2110 2829 2193 2884 san=
2249 2803 2252 2812 ’

530 2957 702 3072 nguine
731 2945 979 3074 nobilissimo
1008 2969 1171 3047 ntorum
1201 2935 1449 3043 excellentie,
1478 2935 1714 3034 eruditionis
1740 2935 1972 3048 claritudo,
2017 2936 2192 3032 collecta-

429 3085 432 3090 ’
530 3119 566 3190 n·
587 3093 667 3210 que
696 3088 801 3180 fama
829 3114 956 3180 sacros
984 3103 1027 3182 et
1053 3078 1235 3197 prolapus
1263 3080 1431 3172 honores
1457 3103 1716 3188 ostentarent,
1731 3081 1849 3178 rebus
1876 3081 2073 3184 omnibus,
2092 3113 2189 3197 quas

529 3275 547 3319 r
580 3235 697 3323 avide
725 3256 889 3352 pensant
916 3227 1132 3330 mortales,
1161 3244 1249 3316 ante
1276 3221 1416 3314 habuit
1443 3221 1588 3320 Christi
1627 3253 1833 3320 amorem,
1876 3245 1916 3308 et
1962 3224 2190 3318 caelestibus

528 3412 547 3462 a
578 3357 735 3488 opibus*
752 3373 947 3478 divitem,
977 3373 1161 3483 inopiam.
1191 3363 1404 3460 Eminebat
1443 3384 1545 3456 turn·
1566 3361 1716 3463 ordinis
1744 3362 2007 3464 Cisteroiensis
2045 3393 2188 3482 paucos

522 3553 545 3603 n
561 3547 564 3554 ’
579 3537 666 3600 ante
694 3545 813 3601 annos
842 3532 929 3600 nata
958 3511 1109 3630 religio
1139 3508 1247 3602 Inter
1274 3506 1367 3602 haec
1395 3507 1503 3602 initia
1533 3507 1583 3601 D,
1603 3504 1828 3602 Bernartius
1846 3509 1887 3606 in
1907 3502 2191 3608 Claravallensi

529 3647 547 3736 u
580 3655 781 3753 Asoetorio
809 3654 1035 3748 multorum
1064 3645 1300 3740 accendebat
1327 3647 1478 3741 animos
1506 3642 1558 3728 ad
1586 3644 1771 3742 humeros
1799 3650 1911 3737 suavi
1934 3645 2077 3744 Christi
2096 3642 2200 3762 iugo

402 3851 406 3858 -
531 3835 569 3882 r,
583 3789 884 3886 submittendos.
913 3787 1142 3894 Corradus,
1170 3815 1291 3906 quem
1320 3813 1456 3869 rerum
1492 3785 1756 3886 humanarum
1785 3783 1989 3882 fastidium
2025 3795 2189 3904 ceperat,

383 3979 388 3992 =
459 3937 463 3945 ’
525 3969 545 4020 n
579 3931 631 4017 ad
659 3949 754 4018 ebm
783 3931 887 4018 elam
917 3931 1099 4048 aufugit,
1127 3949 1168 4017 et
1196 3959 1244 4018 ex
1272 3928 1395 4042 ipsius
1423 3953 1492 4008 ore
1520 3923 1665 4017 melleo
1699 3926 1828 4024 hausit
1866 3919 2081 4040 spiritum,
2109 3961 2191 4047 qno

527 4113 545 4162 r
578 4074 628 4162 ad
645 4071 820 4164 uisenda
849 4072 996 4168 Christi
1023 4074 1217 4161 nascentis
1246 4061 1506 4168 incunabula,
1536 4089 1576 4160 et
1605 4071 1808 4156 morlensis
1837 4070 2033 4171 theatrum
2062 4101 2191 4157 accen.

528 4255 546 4306 n
579 4247 675 4319 sus,
725 4191 819 4306 oum
861 4216 963 4309 bona
1012 4209 1193 4306 eiusdem
1240 4209 1354 4298 uenia
1382 4208 1619 4299 Palestinam
1666 4205 1789 4300 adiit:
1830 4239 1909 4324 qua
1957 4231 2193 4338 peragrata,

528 4393 547 4434 r
580 4377 717 4488 captus
760 4385 895 4478 amore
923 4347 1147 4440 solitudinis
1176 4385 1200 4454 ,·
1234 4349 1384 4458 reoeplt,
1421 4379 1461 4434 sc
1508 4352 1551 4434 in
1596 4353 1740 4434 montis
1767 4377 1961 4434 secessum
1990 4377 2083 4452 cum
2114 4344 2232 4435 uno*

528 4533 545 4584 n
579 4495 784 4594 dumtaxat
808 4499 956 4600 socio,
1003 4521 1128 4608 quern
1169 4495 1231 4576 sui
1269 4491 1461 4610 propositi
1504 4491 1679 4574 conscius
1726 4508 1785 4575 est
1801 4511 1807 4524 ·
1822 4512 2042 4604 sequutus,
2090 4489 2197 4590 lutus

292 4641 295 4648 '
418 4757 422 4762 ι
527 4671 544 4724 rr
578 4665 645 4744 rus
691 4665 739 4732 eo
786 4631 1009 4738 Caelitibus
1048 4631 1253 4770 propior,
1308 4657 1391 4768 spuo
1438 4629 1630 4735 remotior
1676 4627 1727 4726 ab
1778 4627 1926 4734 oculis
1955 4629 2193 4742 mortalium,
