4870 6630
1242 479 1260 596 (
1289 477 1345 584 84
1374 479 1391 595 >

1009 789 1148 874 Passio
1178 783 1223 910 S¹
1245 783 1440 874 Marcelli
1466 785 1614 900 Panis

585 1071 784 1186 Tempore
806 1161 809 1168 ,
832 1103 915 1190 quo
958 1079 1220 1162 maximianus
1250 1095 1442 1191 augustus
1468 1070 1585 1159 rediit
1613 1071 1674 1190 (r)
1703 1071 1756 1158 de
1784 1073 1962 1189 partibus
2005 1080 2147 1170 africae

460 1214 511 1300 ad
542 1215 686 1298 urbem
715 1243 869 1297 romam
898 1213 1034 1299 volens
1062 1215 1214 1328 placere
1241 1211 1476 1300 diocletiano
1503 1235 1671 1332 augusto
1698 1213 1770 1331 (2).
1799 1217 1842 1300 in
1870 1191 2031 1306 nomine
2063 1230 2149 1310 eius

464 1360 634 1442 thermas
662 1390 684 1440 a
712 1355 798 1440 solo
827 1353 1009 1442 edificare
1037 1357 1101 1474 (3)
1128 1362 1304 1471 precepit
1312 1421 1344 1464 .,.
1357 1356 1473 1470 Cepit
1502 1359 1635 1471 itaque
1662 1354 1726 1472 (4)
1744 1353 1892 1440 invidia
1922 1359 2146 1449 christiano

472 1529 565 1580 rnna
594 1527 729 1582 omnes
758 1496 905 1580 milites
934 1529 1120 1582 romanos
1149 1498 1201 1583 ad
1230 1497 1486 1582 afflictionem
1520 1496 1666 1581 laboris
1705 1495 1951 1609 compellere.
1990 1523 2030 1586 et
2073 1533 2143 1615 per

470 1644 576 1721 varia
605 1637 687 1722 loca
716 1642 811 1723 alios
853 1639 905 1724 ad
942 1636 1093 1751 lapides
1130 1637 1227 1721 alios
1255 1637 1307 1722 ad
1334 1639 1518 1723 harenam
1547 1623 1778 1720 fodiendam
1815 1633 2021 1724 damnavit
2038 1703 2069 1746 a
2097 1645 2146 1728 ln

462 1782 476 1860 i
483 1809 554 1890 pso
582 1801 759 1891 tempore
788 1803 871 1864 erat
899 1782 961 1862 vir
990 1779 1220 1863 christianus
1250 1779 1414 1863 nomine
1441 1795 1572 1860 trason
1600 1774 1672 1893 (5).
1701 1779 1763 1860 vir
1790 1797 1931 1888 potens
1962 1803 2003 1866 ct
2024 1780 2144 1870 facul-

462 1923 608 2006 tatibus
638 1923 824 2035 locuples,
854 1944 893 2005 et
920 1925 1001 2006 vita
1029 1916 1201 2024 fidelis„
1231 1919 1309 2002 Hic
1338 1947 1432 2002 cum
1463 1917 1626 2003 vidisset
1654 1917 1785 2034 affligi
1818 1922 2050 2010 christianos
2079 1927 2142 2042 (6)

464 2061 684 2151 faticatione
712 2085 751 2147 et
780 2062 915 2146 labore
944 2067 1047 2176 cepit
1074 2058 1126 2146 de
1153 2093 1224 2146 sua
1252 2057 1437 2144 facultate
1464 2062 1603 2142 sanctis
1623 2059 1867 2168 martyribus
1886 2061 2062 2148 alimonii
2078 2064 2141 2180 (7)

464 2208 616 2286 victum
647 2205 866 2286 ministrare
903 2201 987 2312 per
1016 2206 1122 2287 viros
1159 2201 1494 2288 christianissimos
1532 2197 1594 2315 (8)
1633 2201 1871 2304 sisinnium,
1908 2208 2141 2312 cyriacum,

462 2342 717 2457 smaragdum
746 2366 786 2426 et
814 2344 983 2458 largum.
1841 2333 1845 2344 ’

572 2483 662 2568 Hoc
689 2482 853 2568 audiens
883 2484 1020 2569 beatus
1048 2488 1257 2572 marcellus
1285 2483 1395 2569 urbis
1424 2512 1537 2568 rome
1563 2482 1626 2600 (9)
1654 2487 1865 2596 episeopus
1896 2485 2040 2602 gaudio
2076 2522 2135 2576 re-

458 2629 588 2741 pletus
616 2648 673 2710 est
700 2622 860 2741 (10)de
888 2626 1097 2710 elemosina
1124 2657 1249 2740 quarn
1276 2645 1407 2708 trason
1435 2627 1573 2706 sanctis
1602 2623 1889 2730 ministrabat„⁴
1911 2625 1966 2708 Et
1994 2655 2132 2743 rogans

458 2773 591 2852 uenire
619 2763 671 2848 ad
699 2795 740 2848 se
775 2786 927 2850 sanctos
962 2770 1068 2851 viros
1096 2765 1133 2882 (ι
1148 2765 1187 2882 1)
1215 2787 1255 2852 et
1293 2794 1424 2852 servos
1461 2764 1616 2850 domini
1648 2770 1774 2851 nostri
1801 2772 1885 2853 iesu
1927 2770 2061 2854 christi
2089 2775 2139 2854 si-

460 2909 635 2991 sinnium
681 2910 883 3018 cyriacum
926 2890 1181 3022 smaragdum
1221 2927 1262 2990 et
1307 2905 1465 3021 largum
1500 2907 1705 3020 inquisivit
1742 2907 1792 2992 ab
1840 2912 1894 2994 eis
1932 2915 1952 3025 (
1984 2909 2076 3028 (12)
2112 2941 2134 2993 a

648 4282 817 4360 edificaret
840 4302 875 4364 et
899 4287 997 4366 deest
1020 4292 1168 4389 precepit
1480 4301 1576 4376 deest
1600 4303 1752 4380 Romae.

649 4413 684 4484 'ur
708 4414 870 4490 invidiam
1169 4437 1172 4444 '

480 4645 486 4652 .
545 4645 548 4654 .
1379 4551 1440 4653 (tr
1488 4557 1635 4634 additae
1658 4558 1861 4634 Christianos

558 4663 601 4763 (6
641 4663 683 4740 'd
707 4665 926 4766 salgamum
1378 4681 1441 4783 (12
1483 4696 1587 4764 unca
1609 4691 1753 4768 inclusa
1775 4695 1902 4769 desunt
