4914 6610
1282 489 1301 617 ζ
1332 503 1456 623 2'20)

535 689 695 770 deraret
723 687 783 765 iro
810 685 854 763 in
886 673 1295 789 Constantinopolim,
1323 673 1494 779 accidit,
1533 693 1579 755 ut
1607 676 1724 758 maris
1764 681 1992 782 tempestate
2014 663 2208 780 dispersis

539 830 738 930 navibus,
786 849 884 936 quas
913 816 1193 920 ascenderant,
1240 813 1343 898 duae
1371 817 1592 932 Ragusium
1620 814 1679 898 ad
1697 829 1835 924 partes
1865 807 2110 893 sclavoniae
2140 837 2208 918 ap·

539 967 738 1078 pulerint,
766 961 904 1076 ibique
933 961 1004 1075 qui
1032 986 1055 1039 e
1083 953 1288 1072 naufragio
1306 952 1404 1040 salvi
1433 950 1543 1037 sedes
1558 956 1737 1065 primum
1764 977 1878 1032 suam
1906 943 2072 1029 fixerint.
2101 943 2212 1029 Cum

536 1137 631 1191 vero
659 1103 815 1188 labente
842 1125 1021 1213 tempore
1049 1097 1266 1182 simultates
1298 1125 1422 1180 novos
1451 1097 1551 1178 inter
1579 1114 1619 1176 et
1645 1094 1829 1205 antiquos
1858 1089 2028 1202 regionis
2066 1084 2215 1180 incolas

536 1269 644 1331 ortae
673 1265 828 1349 essent,
857 1246 1003 1326 iterum
1031 1239 1091 1322 illi
1121 1243 1345 1354 navigantes
1374 1229 1594 1346 adportes
1624 1228 1766 1316 Italiae
1792 1225 2066 1342 applicuerunt
2086 1223 2145 1308 ad
2158 1225 2214 1310 ln

540 1417 661 1491 cum,
691 1388 761 1500 qui
789 1381 935 1467 dicitur
965 1377 1193 1492 Melplu'um
1223 1375 1294 1493 (1).
1312 1377 1381 1462 Ad
1392 1403 1509 1488 quem
1528 1371 1656 1455 boum
1677 1399 1770 1453 cum
1789 1369 2079 1479 pervenissent,
2102 1396 2215 1448 man

537 1544 675 1610 serunt
711 1527 768 1608 iti
793 1519 906 1636 lango
935 1540 1118 1633 tempore.
1148 1517 1268 1606 ltalia
1295 1545 1397 1602 vero
1425 1544 1518 1596 utar
1540 1514 1828 1624 opprimeretur
1845 1507 2106 1593 dr'arersarum
2120 1535 2216 1618 geu-

540 1672 642 1750 tium
676 1664 961 1778 potestatibus,
1001 1660 1184 1774 locusque
1213 1657 1393 1771 Melpeia·
1428 1671 1529 1739 esset
1559 1682 1722 1766 paraus
1760 1668 1798 1733 et
1834 1647 1962 1752 vilis,
1997 1647 2215 1731 deserentes

538 1803 769 1918 Melpb'ium
794 1816 1071 1914 pervenerunt
1098 1825 1221 1912 usqtte
1251 1797 1494 1899 Ebulum,et
1522 1797 1577 1878 sic
1606 1811 1737 1903 postea
1769 1788 2001 1902 mnalpbim
2029 1785 2215 1878 condide-

534 1961 641 2028 runt.
670 1938 778 2025 Cum
798 1936 1136 2050 vcroMelplu'um
1165 1935 1348 2042 dicatur,
1375 1936 1489 2022 facile
1504 1935 1594 2052 quis
1615 1929 1667 2015 de
1687 1933 1868 2046 Melplrio
1888 1931 2081 2016 Lucaniae
2102 1925 2215 2013 Urbe

533 2079 598 2164 bic
625 2082 688 2196 agi
717 2075 938 2164 crediderit
967 2073 1089 2187 Quod
1117 2081 1150 2160 si
1178 2076 1315 2188 paullo
1343 2077 1557 2162 accuratior
1585 2073 1817 2160 adhibeatur
1845 2073 2110 2185 investigati0,
2129 2099 2212 2153 non

537 2223 702 2304 omnino
730 2217 782 2304 de
812 2219 1013 2333 Melplub,
1043 2219 1113 2302 sed
1141 2216 1193 2302 de
1221 2213 1414 2302 hodierno
1445 2215 1663 2330 Melplu‘cto
1691 2201 1756 2298 bie
1794 2219 1858 2332 agi
1886 2209 2214 2326 deprehendetur.

656 2361 748 2466 Quo
780 2380 955 2470 tempora
984 2359 1174 2470 Melpbia
1202 2363 1381 2470 primum
1410 2355 1567 2442 oondita
1596 2355 1741 2459 fuerit,
1772 2383 1852 2440 non
1880 2356 1971 2436 satis
2001 2355 2100 2437 inter
2127 2385 2216 2439 ern-

541 2497 648 2584 ditos
678 2513 836 2580 constat.
864 2495 959 2580 Non
987 2495 1271 2583 contemnendi
1299 2499 1470 2582 nominis
1501 2493 1717 2608 Scriptores
1731 2513 1845 2598 suut,
1862 2496 1935 2608 qui
1948 2523 2038 2578 eam
2055 2523 2078 2577 a
2097 2490 2217 2578 Nort-

540 2636 721 2737 mannis,
750 2632 882 2720 multo
909 2633 1060 2722 tardius
1100 2635 1246 2753 scilicet
1282 2635 1404 2724 fuisse
1442 2629 1688 2720 aedificatam
1724 2633 1902 2718 arbitrati
1929 2653 2032 2718 arnt.
2060 2631 2217 2717 Eorum

472 2777 476 2790 ’
543 2809 638 2866 vero
666 2779 877 2864 sententiae
906 2774 1088 2862 accedere
1115 2783 1283 2864 minime
1311 2783 1353 2862 in
1385 2779 1520 2860 animo
1550 2794 1627 2880 est,
1655 2778 1756 2889 quin
1784 2777 1918 2888 potius
1953 2773 2219 2860 verosimilius

544 2937 733 3031 putamus
761 2947 784 3000 a
813 2914 983 3029 Melplto
1013 2914 1183 3032 Apuliae
1211 2918 1416 3032 Catapano
1444 2921 1556 3031 prius
1583 2936 1835 3022 extructam,
1863 2913 2009 3001 deinde
2037 2915 2166 3000 valide
2193 2948 2217 2999 a

446 3149 468 3176 x
544 3057 813 3158 Nortmannis
831 3060 1049 3162 munitam,
1089 3057 1356 3174 Regionisqne
1383 3079 1532 3173 caput,
1561 3080 1601 3146 at
1628 3056 1825 3175 peculiare
1866 3055 2053 3146 adversus
2089 3059 2223 3143 hostes

547 3193 886 3312 fortissimumque
914 3199 1215 3294 munimentum
1242 3198 1395 3286 factam
1424 3201 1538 3286 Anne
1567 3229 1661 3284 vero
1690 3201 1871 3314 Rogusio
1888 3202 2139 3316 navigantes,
2173 3219 2220 3280 ut

550 3338 700 3446 optime
729 3341 848 3424 etum
885 3359 1017 3424 noster
1044 3337 1270 3426 observavit
1297 3339 1577 3446 lombardus,
1606 3339 1838 3456 Metptmn
1866 3344 1908 3430 in
1936 3338 2221 3425 Mediterranea

551 3710 663 3808 timos,
682 3733 861 3814 eorumque
884 3711 1024 3788 familias
1047 3715 1280 3818 cuiusurmque
1303 3717 1425 3792 ordinis
1448 3716 1672 3793 barbarorum
1695 3718 1841 3794 motibus
1866 3722 2026 3818 primum,
2046 3717 2164 3794 deinde
2189 3722 2221 3790 et

550 3835 790 3912 incursionibus
814 3841 964 3934 territas,
980 3841 1096 3942 quinto
1120 3843 1264 3916 maxime
1288 3845 1428 3932 incunte
1441 3845 1572 3922 mecedo
1597 3847 1659 3920 alia
1682 3849 1717 3921 in
1744 3851 1815 3926 loca
1839 3849 2046 3924 securitatem
2065 3871 2222 3948 quaeren·
2267 3879 2271 3888 ·

551 3977 613 4060 tas,
640 3967 818 4068 navigasse.
847 3965 888 4041 Id
914 3969 1014 4042 ctiam
1038 3968 1166 4044 saecqu
1192 3969 1259 4046 IV.
1287 3987 1424 4048 exeunte
1447 3987 1617 4074 coeptum.
1645 3977 1792 4078 Legatnr
1815 3975 1960 4078 Epistola
1986 3975 2025 4050 S.
2051 3972 2224 4050 ‘Ambrosii

551 4089 675 4168 Severo
699 4096 901 4196 Episcopo,
928 4098 1041 4198 utique
1063 4096 1282 4197 Neapolitano
1307 4100 1437 4200 scripta.
1937 4091 1940 4100 ’

652 4221 815 4319 (1)Qua
845 4223 888 4299 de
920 4247 1034 4298 caussa
1060 4222 1114 4298 Cl.
1143 4203 1304 4300 Punccia'
1334 4229 1369 4301 in
1393 4228 1629 4310 Dissertatione
1654 4233 1757 4308 Tom.
1785 4235 1819 4302 V
1846 4233 2090 4309 Clrromcomm
2116 4231 2221 4330 Regni

552 4343 757 4441 Neapolitani
781 4355 924 4451 praefixa
949 4377 1014 4453 pro
1039 4353 1239 4454 adportes
1263 4353 1405 4428 Italiae
1429 4356 1630 4438 substituerit
1655 4365 1851 4462 adportes
1878 4362 2089 4456 lucerniae,
2108 4371 2141 4434 et
2160 4381 2225 4458 pro

557 4468 612 4548 od
635 4467 753 4546 loonm
776 4485 840 4577 qui
864 4483 1002 4556 dicitur
1024 4479 1226 4582 Melpbium
1264 4482 1409 4581 posuerit
1434 4483 1594 4585 Melpum
1614 4469 1791 4584 flumen,
1818 4491 1944 4588 penitus
1969 4491 2115 4588 ignorare
2140 4488 2222 4560 iate-

552 4627 643 4676 mur.
672 4599 790 4696 Longa
815 4625 892 4678 sane
923 4607 1086 4708 navigatio
1120 4607 1230 4692 fuisset
1254 4609 1419 4711 Raguae
1454 4614 1508 4688 ad
1534 4631 1660 4715 partes
1685 4616 1903 4691 salernitanae
1927 4615 2063 4710 Urbis,
2103 4619 2226 4718 quippe

538 4750 638 4832 ,qtae
655 4751 713 4824 per
730 4723 974 4825 Hadriaticum,
992 4731 1128 4809 Ionium
1144 4750 1176 4811 et
1188 4733 1341 4812 Siculum
1356 4763 1494 4839 quoque
1518 4765 1610 4814 mare
1635 4742 1794 4842 explenda
1816 4744 1937 4840 fuisset,
1957 4745 2054 4818 satius
2074 4767 2228 4818 commo-

559 4852 694 4956 diusque
717 4853 827 4934 fuisset
852 4856 1169 4962 Constantinopolim
1193 4864 1320 4964 ipsam,
1338 4865 1392 4942 vet
1416 4867 1675 4968 maritimo,ch
1698 4871 1839 4972 pedestri
1863 4873 1962 4950 etiam
1978 4874 2092 4954 itinere
2115 4875 2225 4956 adue.
