4914 6610
890 687 902 692 -
1025 599 1201 721 (an)

787 845 1003 986 inurant
1028 911 1120 992 vtu
1146 911 1212 986 m.
1240 907 1407 994 ιιιιιι.
1625 957 1626 965 ¹

932 1177 992 1242 DE
1024 1175 1317 1250 APPtnmottn

569 1371 1671 1524 sntcnnntrsrnculncnnr

672 1683 1166 1787 corruanrtrro
1201 1712 1567 1790 arsronrct.

290 1867 412 2039 Cau
441 1943 492 2034 de
520 1943 664 2034 celebri
691 1945 965 2064 SArchaugeli
996 1945 1200 2039 Michaelis
1216 1949 1259 2032 in
1278 1945 1467 2064 Gargano
1486 1947 1655 2062 Apuliae
1670 1963 1806 2031 monte
1828 1971 1950 2057 quam

294 2091 466 2170 maxima
496 2080 730 2171 cruditionis
759 2091 870 2200 copia
898 2086 1117 2177 doctissimi
1145 2095 1370 2205 scripserint
1398 2093 1500 2195 viri,
1528 2093 1632 2174 inter
1661 2117 1763 2204 qnos
1791 2087 1950 2171 honoris

289 2251 421 2306 caussa
449 2223 654 2305 nominare
699 2221 810 2309 lubet
837 2225 1145 2316 Bollandianum
1183 2230 1459 2346 Stiltingium,
1497 2227 1713 2344 Jcsepltnm
1744 2225 1966 2340 Aloysium

295 2368 625 2467 Αιιιιιιαιιιιιιιιι,
654 2365 1028 2452 Etmhenticsimum
1057 2371 1306 2488 Stephanum
1336 2371 1513 2484 Borgia,
1548 2365 1696 2484 quibus
1733 2368 1852 2450 etiam
1896 2359 1964 2446 ad-

295 2501 523 2618 iungendus
551 2524 609 2587 est
636 2501 853 2589 Canusinae
871 2503 1068 2592 Ecclesiae
1094 2509 1345 2624 Praepositus
1365 2505 1544 2623 Angebts
1563 2503 1753 2593 Andreas
1782 2505 1965 2608 Tartara,

173 2627 179 2634 Ι
297 2629 524 2733 temeritatis
552 2669 685 2734 notam
714 2645 829 2732 facile
858 2652 947 2763 quis
975 2652 1133 2736 inurere
1161 2651 1276 2736 nobis
1303 2650 1460 2763 poterit,
1478 2644 1592 2762 qnod
1606 2665 1697 2758 post
1716 2661 1863 2744 tantos,
1882 2660 1964 2723 tan-

301 2795 416 2902 tique
452 2794 624 2875 nominis
662 2793 787 2894 viros,
815 2817 908 2894 nos,
936 2793 1009 2906 qui
1035 2789 1152 2877 nullo
1179 2785 1304 2876 modo
1332 2790 1379 2872 iis
1407 2786 1628 2900 comparari
1656 2808 1890 2898 possumus,
1923 2811 1968 2864 ea

300 2951 463 3041 quoque
490 2925 542 3012 de
585 2959 630 3013 re
672 2930 839 3014 scn'bere
875 2926 1104 3016 audeamus.
1131 2929 1240 3017 Cum
1276 2957 1372 3014 vero
1409 2928 1452 3012 in
1487 2921 1636 3040 Apulia
1663 2923 1702 3008 S.
1729 2921 1965 3038 Archangeli

298 3067 572 3154 Sanctuarium
600 3069 722 3190 situm
752 3072 828 3173 sit,
855 3097 1031 3188 cumque
1059 3072 1143 3154 eius
1170 3068 1344 3155 Historia
1371 3096 1468 3154 cum
1494 3065 1664 3152 aliarum
1691 3062 1964 3148 Ecclesiamm

307 3221 378 3326 per
408 3205 601 3320 Apuliam
631 3209 756 3329 ipsam
795 3209 966 3294 historiis
994 3213 1200 3296 subiuncta
1227 3209 1466 3322 reperiatur,
1494 3233 1576 3294 non
1611 3207 1952 3292 omninotemera·

304 3350 413 3432 rium
441 3352 586 3431 censeri
615 3345 760 3432 debere
786 3369 1002 3462 putamus,
1030 3345 1242 3465 Appulum
1266 3347 1473 3435 hominem
1509 3343 1562 3432 de
1600 3343 1719 3432 rebus
1747 3341 1801 3428 ad
1829 3342 1965 3432 Eccle-

303 3493 377 3572 sias
405 3485 573 3599 Apuliae
611 3489 901 3602 pertinentibus
943 3490 1122 3574 scribere.
1149 3484 1261 3574 Illud
1297 3517 1393 3574 vero
1428 3487 1482 3576 ad
1523 3481 1779 3575 scribendum
1815 3489 1969 3602 potissi-

303 3655 418 3710 mum
447 3625 640 3740 impulit,
672 3625 787 3740 quod
818 3659 865 3712 ex
896 3631 1069 3732 nostris,
1105 3657 1207 3750 quos
1242 3627 1467 3731 babemus,
1503 3625 1707 3714 codicibus
1751 3627 1884 3744 aliqua
1912 3632 1971 3713 vi·

307 3765 478 3852 deantur
506 3771 591 3851 erui
621 3797 765 3882 posse,
793 3799 896 3888 quae
924 3767 1056 3858 lucem
1092 3768 1270 3884 aliquam
1306 3769 1408 3853 iuter
1446 3764 1654 3871 tenebras,
1692 3765 1840 3939 quibus
1873 3764 1968 3853 baec

309 3911 483 3996 Historia
511 3906 689 3997 involuta
718 3909 826 4014 fuit,
854 3905 1009 3995 adferre
1037 3913 1199 4023 possint

422 4051 477 4142 Et
501 4055 684 4163 primum
713 4049 879 4166 quidem
909 4081 1011 4166 quae
1039 4053 1081 4136 in
1110 4049 1290 4166 Vulgatis
1319 4049 1590 4168 Hagiologiis,
1616 4067 1663 4142 ut
1695 4047 1803 4131 etin
1830 4048 1974 4167 insigni

309 4189 549 4278 Kalendario
576 4191 804 4276 Marmoreo
842 4192 1119 4306 Neapolitano,
1150 4191 1428 4303 ,Arpart'tr'oS
1460 4189 1678 4276 Michaelis
1712 4187 1891 4292 dicitur,
1928 4191 1972 4274 iu

311 4329 551 4448 Kalendario
579 4329 701 4415 altero
731 4363 826 4417 vero
854 4340 973 4444 etiam
1002 4328 1288 4443 Neapolitano,
1327 4329 1441 4448 quod
1468 4329 1717 4418 Clarissimus
1747 4329 1971 4416 blazocbius

302 4449 475 4584 edidit,
493 4489 558 4554 et
584 4443 831 4564 Tutitianum
860 4470 1056 4584 appellare
1095 4469 1802 4579 toluic‚1ncenttoS.Michaett
1836 4475 1968 4562 scribi·

194 4601 230 4726 Ν,
312 4637 410 4722 tur,
449 4641 489 4706 ct
536 4622 579 4702 in
608 4616 779 4707 cassat·
806 4614 993 4700 Plenartc
1030 4611 1140 4727 apud
1164 4609 1229 4695 Cl.
1259 4615 1521 4700 Dcnuiu'cum
1554 4610 1771 4730 Geor-guitur
1797 4614 1972 4730 legitur,

314 4757 535 4852 Revelatr‘o.
565 4754 613 4848 In
642 4749 882 4838 Kalendario
910 4781 1073 4865 quoquc
1101 4749 1328 4865 Aquileensi
1345 4780 1438 4835 saec
1459 4750 1564 4835 XIII
1592 4753 1643 4836 ab
1671 4752 1779 4837 Ill.¹¹³o
1807 4751 1980 4836 Altbano

227 4931 231 4942 ·
313 4889 448 5000 edito,
477 4916 522 4980 nt
549 4916 590 4986 et
617 4895 660 4984 iu
689 4920 769 4988 uno
796 4889 1032 5082 Canusino,
1044 4885 1158 5014 quod
1187 4884 1354 4996 edimus,
1389 4887 1570 4974 Vtatur-ia
1600 4890 1637 4976 S
1667 4885 1931 4988 Milcraclt'r
1919 4913 1977 4978 tn

1477 5030 1527 5092 20
