4820 6604
505 488 997 670 fortioribusque
1043 467 1336 672 proficere
1384 495 1613 642 datum.
1663 495 1854 665 Quod
1877 556 2024 650 vero
2061 560 2186 644 aron

509 697 725 858 licuit,
776 709 969 882 prima
1014 699 1252 882 vulgata
1295 738 1467 883 parte
1513 708 1759 836 fortasse
1806 708 2028 843 licebit.
2058 716 2191 848 Da·-

506 912 670 1050 hitur
714 913 796 1040 sic
843 907 987 1048 mihi
1033 945 1100 1044 ut
1146 957 1306 1091 quae
1353 919 1424 1048 in'
1461 919 1655 1094 prima
1700 914 1797 1050 rel
1843 959 2056 1080 errata,
2092 926 2187 1058 vel

503 1167 633 1252 non
678 1120 891 1280 bene,
941 1155 1217 1256 autnon
1263 1129 1399 1254 satis
1445 1119 1736 1306 explicata
1783 1134 1898 1258 sint
1919 1229 1941 1288 ,
1993 1139 2055 1262 in
2091 1159 2190 1264 se·

507 1330 710 1468 cunda
755 1326 1123 1489 emendare,
1175 1327 1503 1514 supplere,
1553 1342 1876 1466 sententias
1938 1387 2188 1520 quoque

506 1583 770 1701 mutare,
824 1551 973 1732 quin
1021 1549 1201 1676 etiam
1247 1577 1308 1670 et
1340 1538 1451 1670 alia
1484 1540 1708 1674 addere
1739 1543 2014 1680 facillime
2046 1605 2192 1736 pos·-

447 1887 451 1895 ,
509 1765 643 1890 sim.
692 1753 971 1886 Tenuno
1019 1797 1163 1886 tero
1213 1758 1319 1928 qui
1356 1749 1574 1894 Gentis
1607 1752 1777 1890 Tuae
1823 1761 2190 1898 sumosisin-

503 1977 681 2148 signis
728 1962 1084 2140 imaginibus
1130 1961 1377 2097 nomine
1423 1959 1891 2140 praeclarissimo
1954 1967 2186 2154 fulges,

503 2222 565 2323 at
610 2175 925 2308 virtutibus
974 2216 1226 2356 quoque
1274 2169 1554 2306 otmribus
1610 2169 1686 2304 ad
1734 2171 2188 2320 admirationem

482 2385 732 2574 ¹ubique
782 2374 1116 2570 splendes,
1166 2385 1356 2512 enixis
1402 2426 1508 2509 oro
1538 2383 1848 2563 precibus,
1882 2424 1949 2518 ut
1985 2398 2046 2522 in
2072 2390 2189 2528 hoc

503 2645 642 2732 meo
690 2593 894 2726 Tuum
940 2597 1139 2774 potius
1185 2594 1461 2768 respicias
1507 2638 1690 2773 opus,
1723 2631 1784 2725 et
1832 2591 1947 2728 hoc
1979 2639 2187 2734 aucto-

502 2816 674 2946 ritate
722 2839 782 2934 et
827 2809 1074 2940 nomine
1123 2798 1259 2926 Tuo
1306 2806 1636 2979 cooperias.
1670 2799 2044 2939 Temeritatis
2077 2821 2187 2943 uti-

503 3035 628 3202 lpuc
675 3016 921 3144 fortasse
970 3059 1181 3190 arguar
1226 3003 1394 3188 quod
1447 3013 1509 3139 in
1556 3007 1909 3144 Provinciae
1973 3016 2187 3150 delite-

503 3277 675 3364 scens
723 3219 981 3378 umbra‚
1038 3253 1099 3349 et
1156 3227 1283 3354 sine
1350 3226 1744 3349 maximarum
1790 3221 2185 3362 Bibliotheca·-

501 3485 640 3572 runt
689 3430 1031 3568 adiumento
1078 3437 1141 3562 in
1189 3476 1339 3609 opus
1372 3430 1786 3592 incubuerim,
1822 3436 1991 3614 quod
2021 3431 2183 3574 certe

505 3692 686 3822 supra
731 3649 886 3770 vires
933 3685 1098 3768 nteas
1145 3659 1301 3768 esset
1333 3669 1379 3796 ,'
1417 3649 1672 3775 ettam
1726 3651 1983 3779 maxime
2045 3699 2184 3784 cum

499 3857 858 4030 frigescente
906 3856 1024 3978 iarn
1072 3883 1263 3977 arelate
1311 3854 1621 4027 quiescere
1676 3887 2003 4028 oporteret.
2052 3857 2182 3990 Erit

407 4209 410 4216 ,
500 4106 645 4192 vero
716 4095 956 4239 tempus
1019 4105 1157 4189 cum
1202 4053 1686 4214 Adolescentes,
1754 4095 1814 4185 et
1869 4055 2183 4201 Seminarii
2352 4171 2357 4192 .

499 4268 618 4408 Tui
637 4273 1019 4448 potissimum
1043 4255 1289 4394 Alnmni
1301 4367 1320 4424 ,
1342 4271 1447 4444 qui
1479 4273 1542 4428 in
1575 4315 1747 4450 spem
1772 4264 2182 4452 Melphicten

463 4486 576 4612 ¹ais
622 4475 924 4608 Ecclesiae
970 4458 1402 4630 succrescunt,
1453 4471 1587 4604 Tua
1634 4523 1825 4636 cura,
1878 4477 2011 4607 Tua
2057 4477 2180 4642 sol

326 4769 329 4773 ·
501 4689 855 4846 licitudiae,
907 4689 1175 4876 luoqne
1189 4782 1210 4843 ‚
1260 4732 1385 4862 quo
1433 4683 1644 4842 ardes,
1697 4685 1858 4843 zelo,
1894 4687 2182 4865 Ecclesia

510 4906 699 5052 sticis
716 4939 776 5031 ct
823 4895 1159 5078 liturgicis
1147 4891 1349 5023 studiis
1398 4901 1684 5051 instructi,
1738 4893 2068 5080 ampliora,
2120 4937 2178 5028 et
