4870 6630
1049 523 1067 640 t
1097 519 1197 638 59)

280 707 470 826 quoniam
498 699 696 790 exaudisti
711 695 783 784 oet
801 689 885 780 VII
909 690 1088 808 psalmos
1113 682 1388 803 penitentiales
1405 699 1448 770 ut
1462 714 1596 800 supra
1618 687 1686 775 Sic
1695 715 1699 725 ·
1709 714 1956 814 perungatur

280 848 464 964 instruatu
502 841 554 928 de
581 839 663 926 oleo
692 831 938 951 sanctficato
950 827 1157 945 faciendo
1186 857 1334 912 cruces:
1357 826 1484 941 Super
1500 830 1650 916 oculos:
1670 865 1791 947 super
1809 871 1927 925 aures
1949 878 1981 926 ι,

282 959 412 1102 super
433 987 541 1073 labra
576 1001 615 1068 et
644 1010 791 1068 manus
819 979 1000 1066 euterius
1025 971 1098 1098 (ι)
1119 988 1156 1055 et
1185 973 1230 1054 in
1261 966 1388 1083 pedes
1425 975 1591 1058 interius
1627 991 1670 1058 ut
1707 975 1865 1060 macule
1892 1011 1955 1064 su·
2030 1043 2035 1048 .

282 1137 361 1245 pe'r
392 1131 447 1218 V
463 1129 641 1243 corporis
670 1153 812 1211 sensus
841 1121 968 1206 menti
996 1131 1033 1198 et
1060 1118 1222 1228 corpori
1231 1110 1474 1230 fragilitate
1501 1119 1639 1200 earnis
1657 1115 1875 1236 alr'quando
1898 1126 1959 1204 in·

286 1273 462 1360 luserint
499 1270 579 1357 hac
616 1262 822 1353 medicina
859 1262 1061 1380 spirituali
1096 1256 1254 1342 domam
1288 1255 1571 1380 misericordia
1592 1256 1804 1384 pellantur.
1847 1262 1969 1392 Dum⁴

285 1410 484 1500 Sacerdos
513 1413 629 1528 ungit
658 1404 863 1520 infirmum
892 1403 1011 1488 dicat.
1038 1401 1116 1486 Per
1144 1399 1263 1480 istam
1292 1401 1412 1482 sancti
1446 1397 1526 1484 olei
1562 1401 1790 1486 unctionem
1828 1421 1868 1485 et
1895 1399 1961 1486 dei

288 1551 618 1640 lienedictionem'
634 1550 811 1632 remittat
839 1543 913 1630 tibi
940 1539 1141 1628 dominus.
1158 1538 1362 1655 quidquid
1390 1539 1593 1656 deliquisti
1621 1573 1693 1654 per
1730 1548 1864 1628 visum
1893 1527 1967 1656 per

288 1693 475 1780 auditum
503 1723 576 1806 per
602 1689 798 1776 olfactum
826 1715 898 1800 per
926 1699 1090 1801 gustum
1118 1711 1189 1795 per
1216 1699 1368 1766 tactum
1395 1712 1467 1794 per
1481 1685 1685 1766 incessum.
1705 1684 1865 1769 Deinde
1895 1685 1963 1770 da·

288 1842 424 1924 minus
447 1838 563 1949 prior
589 1851 627 1918 et
655 1830 729 1917 alii
755 1828 833 1914 duo
855 1822 1031 1942 predicti
1055 1819 1282 1907 sacerdotes
1310 1818 1449 1906 dicant
1477 1825 1697 1906 orationem
1725 1854 1799 1939 quc
1815 1826 1966 1941 finitur

289 2011 369 2094 per·
389 1975 623 2064 Christum}
656 1975 741 2061 Ort
758 1969 869 2054 Deus
897 1968 979 2080 qui'
997 1994 1077 2050 non
1106 1965 1168 2046 vis
1196 1983 1381 2048 mortem.
1425 1963 1636 2077 Completa
1679 1967 1813 2083 itaqrre
1841 2000 1868 2052 a
1893 1998 1967 2081 pa-

288 2140 352 2207 tre
378 2117 611 2206 monasterti
637 2115 821 2198 unctione
848 2105 1005 2224 reficiat
1032 2103 1241 2221 infirmum
1269 2101 1464 2186 donuiu'ci
1491 2108 1740 2200 sacramenti
1764 2107 1963 2194 comum'o.

294 2293 346 2344 ne
373 2275 409 2340 et
436 2271 644 2340 remaneat
670 2253 731 2334 ibi
756 2281 860 2334 unus
889 2245 963 2332 arel
989 2243 1068 2330 duo
1097 2243 1149 2328 de
1160 2242 1374 2357 fratribus
1411 2245 1709 2363 alr'qtcanmlum
1737 2270 1967 2336 revertente

289 2395 350 2479 ad
373 2394 585 2479 ecclesiam
609 2396 874 2505 processione.
905 2389 997 2473 Post
1025 2385 1098 2470 lrec
1109 2385 1261 2501 frater
1285 2386 1352 2474 ille
1381 2394 1449 2473 cui
1475 2395 1693 2504 egrotantis
1722 2421 1822 2476 cura
1861 2423 1964 2478 com-

289 2545 416 2624 missa
446 2552 504 2620 est
533 2552 626 2620 ante
646 2555 746 2618 ¹eum
764 2529 903 2619 sedulo
922 2533 1084 2614 assistat
1103 2545 1141 2612 et
1155 2527 1319 2614 sollicite
1329 2527 1553 2643 provideat
1580 2548 1622 2614 ut
1632 2529 1843 2642 fratribus
1863 2565 1963 2618 nun-

289 2687 407 2766 tietur
428 2683 668 2794 priusquam
698 2675 866 2792 deficiat.
902 2672 986 2788 Qui
1011 2700 1104 2755 cum
1134 2668 1290 2754 viderit
1319 2699 1412 2754 eum
1438 2701 1624 2786 supremo
1652 2675 1795 2787 spiritu
1823 2678 1962 2757 consti·

293 2837 420 2905 tutu'm
449 2819 714 2936 quamcitius
738 2819 883 2930 poterit
910 2815 1063 2897 nuntiet
1074 2806 1296 2923 fratribus.
1332 2810 1456 2923 Quod
1494 2841 1588 2914 cum
1623 2811 1806 2900 audr'tum
1826 2811 1967 2931 fuerit

293 2959 344 3042 ab
373 2962 430 3042 eis
454 2958 679 3071 postpositis
707 2956 892 3040 omnibus
904 2949 1110 3064 festinent
1130 2981 1365 3041 succurrere
1376 2954 1520 3069 fratri
1535 2960 1656 3041 morti
1667 2963 1866 3071 proximo.
1880 2957 1970 3073 Quo

295 3101 394 3186 dion
408 3079 685 3218 ⁴pervenerint¹
710 3100 779 3182 ubi
812 3127 907 3184 eum
937 3099 982 3182 in
1009 3115 1197 3206 supremo
1226 3098 1370 3210 spiritu
1392 3101 1569 3211 positum
1594 3102 1879 3214 perspexerint
1915 3131 1973 3184 se·

295 3244 491 3326 cretarius
519 3239 665 3356 afflaret
693 3270 853 3325 crucem
881 3257 919 3325 et
948 3259 1103 3349 aquarn
1133 3235 1416 3320 benedictam:
1446 3243 1624 3353 seqm'tur
1650 3239 1836 3325 dominus
1859 3243 1975 3353 prior

293 3378 393 3466 stola
421 3379 593 3466 indutus.
631 3384 669 3466 si
693 3383 779 3494 ipse
807 3377 1005 3496 defecerit
1034 3394 1176 3465 carctor
1202 3379 1371 3491 incipiat
1404 3377 1707 3466 Commendatio
1720 3381 1788 3498 fit.
1818 3412 1853 3470 r.
1881 3381 1973 3468 sub-

293 3526 423 3608 uenite
452 3521 581 3608 Sancti
609 3552 644 3608 r.
671 3524 854 3635 suscipiat
882 3545 931 3610 te.
959 3545 1179 3641 seqttuntur
1198 3521 1342 3636 psalmi
1369 3543 1410 3608 et
1437 3525 1630 3610 ocutiones
1662 3522 1826 3640 aliquot

412 3667 465 3750 a
493 3669 551 3748 sic
575 3663 764 3777 plenaria
778 3663 864 3778 fiat
893 3665 1187 3752 commendatio
1218 3664 1402 3757 omnibus
1430 3667 1729 3750 anm'nersariis
1767 3666 1973 3750 canonico·

299 3835 403 3889 ram.
437 3805 485 3890 Si
509 3823 643 3888 artem
675 3807 913 3890 Parriarclze
940 3808 1014 3895 vel
1029 3807 1198 3894 ala'onim
1218 3831 1363 3917 regum
1375 3802 1517 3917 suerit
1531 3807 1866 3890 anniuersarium
1879 3812 1973 3893 mrs-

299 3974 348 4026 sa
377 3972 468 4026 eum
496 3959 627 4027 tractu
655 3943 706 4032 de
732 3943 944 4060 profundis
963 3969 1035 4034 etc.
1053 3952 1191 4042 omnia
1210 3945 1424 4059 dupliciter
1430 3967 1677 4064 peragentur
1693 3944 1755 4063 (2)
1772 3947 1887 4034 Tunc
1895 3979 1972 4066 pro

394 4363 454 4464 (t)
479 4363 532 4440 Do
556 4361 784 4442 Sacerdotibus
807 4367 945 4468 agitur,
971 4393 1123 4472 quorum
1147 4395 1264 4446 manus
1287 4353 1428 4450 estasim
1453 4373 1571 4475 inungi
1604 4387 1637 4451 et
1671 4372 1854 4456 hodiernus
1889 4403 1980 4482 quo-s

296 4519 359 4596 que
384 4519 457 4570 mos
483 4507 543 4569 est.
631 4547 637 4560 ·

397 4623 456 4722 (2)
482 4623 579 4716 Quae
603 4625 667 4724 ας.
684 4615 777 4698 initio
801 4637 838 4700 et
861 4626 913 4701 sic
934 4623 1107 4726 plenaria
1135 4653 1239 4731 nsque
1265 4626 1307 4702 od
1329 4615 1563 4732 peragrantur
1585 4636 1677 4738 qnasi
1694 4636 1781 4712 intra
1796 4631 1968 4738 parenthe-

296 4752 359 4823 sim
394 4745 542 4850 inclusa,
570 4753 632 4854 legi
657 4747 792 4840 debent.
819 4751 923 4844 Quod
957 4767 1070 4830 autem
1114 4756 1318 4860 subiungittu
1354 4771 1478 4840 omnia
1517 4765 1709 4868 dupliciter
1748 4783 1975 4868 peragentur

297 4877 476 4976 significare
499 4881 661 4976 videtur,
687 4893 726 4956 ut
748 4879 963 4984 sollemniter,
983 4899 1016 4962 et
1042 4911 1136 4966 more
1159 4887 1231 4964 festi
1245 4889 1405 4996 duplicis,
1425 4897 1462 4970 ut
1477 4892 1709 5036 siuntomnio
1723 4901 1967 5000 peragerentur.
