4820 6604
920 357 945 406 ἱ
977 355 984 366 .

1137 547 1146 562 .
1238 449 1342 567 (tv
1371 455 1390 573 i

590 635 683 731 Non
702 654 841 720 autem·
857 636 1021 719 omnino
1040 661 1183 716 rerum
1201 655 1259 716 est
1272 637 1399 745 parva
1407 623 1632 747 admodum
1647 683 1658 723 ,
1675 613 1735 701 rel
1751 618 1872 700 ctiam
1899 610 2097 714 nullius
2140 617 2272 697 uti-'

479 776 597 869 litatis
626 775 891 867 Ecclesiastico
921 772 1143 859 kalendaria
1172 803 1285 881 esse,
1314 801 1386 857 nec
1414 772 1488 855 nisi
1516 762 1729 854 curiositati
1757 777 1915 838 tantum
1959 753 2254 844 deservire

479 948 603 1030 posse.
642 919 706 1004 Sic
752 947 847 1002 vcro
882 923 1121 1027 statuimus,
1169 940 1225 1001 ιη’
1265 913 1481 1006 doctissimi
1528 911 1604 994 viri
1641 912 1915 996 existimarunt
1939 945 1956 1012 ‚·
1988 904 2093 988 illa
2157 927 2248 982 re»

477 1089 572 1176 runt
601 1058 871 1177 liturgicarum
902 1063 1104 1146 historiam
1133 1067 1378 1176 exprimere,
1406 1090 1531 1174 quam
1560 1076 1662 1143 certe
1691 1082 1847 1138 noscere
1876 1081 1956 1134 non
1999 1067 2231 1133 tantum

475 1200 603 1308 utile,
631 1199 701 1288 sed
729 1225 769 1320 et
797 1211 1057 1291 necessarium
1084 1207 1344 1294 ecclesiasticis
1381 1207 1553 1288 naarime
1581 1196 1840 1299 hominihuS,
1885 1219 2231 1276 uento-sanae·

476 1349 621 1452 ruentis
646 1343 912 1432 inficiabitur:
940 1379 987 1432 ex
1017 1348 1094 1434 illis
1123 1355 1250 1457 enirn,
1280 1356 1351 1465 qui
1380 1343 1647 1432 Ecclesiamm
1674 1362 1826 1450 stams,
1853 1361 2038 1450 tempore
2093 1365 2215 1450 quo

365 1585 373 1596 ,
476 1487 618 1596 scripta
646 1483 817 1593 suerunt,
846 1493 917 1602 qui
944 1488 1032 1574 festi
1067 1490 1180 1598 dies,
1208 1523 1387 1606 quorum
1406 1497 1648 1578 Sannorum
1676 1486 1921 1600 mamonae,
1949 1483 2040 1608 sire
2074 1475 2221 1562 cete-

480 1624 642 1714 britates
667 1651 707 1713 et
735 1629 900 1718 sortasse
922 1639 1040 1719 etiam
1069 1641 1142 1750 qui
1170 1639 1273 1720 ritus
1297 1639 1414 1738 sacri,
1453 1653 1493 1717 et
1520 1621 1844 1712 alialiuiusnrodi
1872 1619 1925 1704 ad
1942 1618 2208 1735 Religionis
2256 1713 2271 1738 -.

481 1789 632 1854 sanctae
660 1773 815 1872 cultum
844 1781 1098 1888 pertinentia,
1123 1782 1278 1890 optime
1304 1775 1634 1874 demonstrantur,
1653 1772 1707 1850 ita
1742 1788 1790 1848 ut
1812 1761 1997 1880 'quodam
2021 1763 2198 1848 modo

478 1933 525 1994 ut
554 1911 605 2008 de
628 1912 902 2000 Romanorum
931 1919 1163 2004 kalendariis
1191 1917 1385 2022 diximus,
1413 1912 1465 1998 ad
1494 1943 1540 1997 ea
1566 1934 1764 2024 tenuiora,
1793 1912 1939 2025 quibus
1968 1907 2034 1991 illa
2055 1925 2208 2012 sunt,

445 2043 449 2052 ’
479 2077 651 2162 exarata,
681 2064 835 2174 penitus
865 2059 1039 2142 translati
1069 2059 1287 2143 videamur.
1316 2056 1480 2144 Accedit
1507 2059 1659 2162 etiam,
1687 2052 1800 2166 quod
1828 2083 1875 2138 ex
1905 2057 1952 2136 iis
1973 2083 2056 2137 non
2074 2074 2189 2137 tan-

480 2213 569 2282 turn
598 2202 870 2286 ecclesiasticae
899 2197 1234 2304 resimicenur,
1261 2199 1331 2286 sed
1359 2205 1479 2286 edam
1509 2230 1611 2314 quae
1638 2201 1868 2282 animorum
1882 2202 2186 2312 ingeniorum·

480 2374 559 2457 que
589 2340 774 2446 cultura,
802 2347 873 2456 qui
902 2371 1047 2446 sensus,
1076 2348 1148 2458 qni
1178 2337 1327 2448 mores,
1355 2375 1462 2460 quae
1485 2341 1748 2429 institutiones
1777 2339 1882 2422 olim
1908 2339 2067 2429 suerint.
2105 2346 2173 2432 In

480 2483 690 2598 aliquibus
715 2514 883 2598 quoque
906 2507 945 2570 et
972 2483 1125 2570 medica
1155 2513 1358 2600 praecepta
1371 2486 1954 2597 ,irrveniuntuncautionesque
1976 2480 2030 2567 ad
2047 2487 2192 2571 valea

480 2628 665 2718 tudinem
700 2623 936 2710 servandam
952 2624 1155 2741 ,diesque
1183 2625 1323 2735 fausti,
1353 2628 1685 2746 autuinfaarsti-ex
1714 2627 1925 2712 hominum
1952 2634 2170 2742 opinione,
2181 2639 2191 2674 ·’

481 2796 571 2858 tum
601 2796 640 2857 et
668 2773 831 2889 regulae
843 2765 894 2850 ad
910 2756 1137 2858 Pasclralein
1155 2769 1375 2878 calculum,
1405 2793 1451 2854 ut
1479 2775 1610 2876 aiunt,
1646 2791 1787 2883 aptae,
1817 2774 1888 2884 qui
1907 2773 2046 2886 quanti
2075 2771 2186 2859 fue-

490 2919 543 2997 rit
570 2919 612 2999 in
638 2922 804 3031 antiqua
831 2917 992 3002 ecclesia·
1017 2921 1232 3020 momenti,
1261 2920 1289 3000 ii
1318 2945 1500 3029 quoque,
1529 2921 1601 3034 qui
1630 2913 1927 2998 eeclesiasticam-
1951 2910 2174 3004 historiens

483 3056 549 3142 vel
578 3063 984 3176 summisgustarunt
1013 3061 1155 3163 luhiis,
1183 3062 1341 3169 sciunt,
1371 3083 1416 3147 et·
1448 3068 1560 3146 cuius
1598 3053 1779 3143 studium
1807 3053 2061 3140 Clericorunr
2085 3051 2169 3178 Sef·

482 3203 666 3288 asinariis
693 3207 870 3288 martinae
894 3200 1187 3286 commendarit
1214 3200 1497 3290 Tridentinum
1526 3197 1770 3287 Concilium.

494 3427 498 3434 ,
600 3342 817 3456 Denique,
845 3348 877 3428 si
906 3375 1013 3458 quae·
1036 3341 1193 3428 edimus
1222 3343 1465 3453 kalendaria,
1495 3351 1669 3432 invicem
1695 3347 1797 3429 iuter
1825 3375 1897 3453 se,
1934 3365 1976 3430 et
2002 3376 2100 3432 cum
2127 3381 2178 3435 ar

486 3486 550 3570 liis
579 3488 664 3578 iarn¹
677 3487 965 3603 anteavulgatis
979 3487 1237 3592 conferantur,
1258 3488 1477 3602 plurimam
1492 3493 1631 3574 nostris
1647 3489 1820 3574 ecclesiis
1836 3490 1966 3574 lucem
1987 3491 2176 3577 accedere

486 3625 600 3716 facile
629 3625 912 3741 intelligemus.
936 3627 991 3709 Et
1020 3651 1065 3710 ut
1093 3629 1224 3742 aliqua
1253 3634 1372 3745 gratia
1401 3630 1575 3741 exempli
1601 3632 1664 3713 hic
1701 3633 1912 3714 asseramus.
1926 3693 1938 3734 ,
1976 3611 2175 3744 equidem

487 3798 536 3850 ex
566 3765 776 3850 collatione.
801 3765 1119 3854 kalendariomin
1138 3771 1348 3880 chiensis·
1369 3793 1409 3855 et
1437 3769 1664 3856 Brundisini
1690 3801 1786 3854 cum
1806 3761 2177 3888 dlelphictcnsiliuS,

491 3903 744 4012 Bubastino,
772 3929 812 3992 et
840 3907 1273 4024 Canusino,'protinus
1300 3918 1401 4000 inter
1428 3945 1473 4000 se
1498 3913 1706 4000 dissimilia
1732 3917 1990 4024 invenientur.
2020 3918 2094 4003 llla
2125 3951 2165 4004 e»

490 4053 577 4158 nim
605 4047 853 4134 Sanctorum
868 4053 1095 4138 nominibus
1124 4078 1294 4159 scatent,
1322 4061 1380 4138 ita
1404 4075 1452 4134 ut
1486 4054 1596 4135 nulla
1634 4055 1930 4165 propemodum
1965 4057 2048 4146 dies
2087 4069 2169 4166 si't,

491 4192 558 4284 cui
586 4187 714 4274 Sancti
744 4190 906 4275 alicuius
936 4223 1014 4277 non
1044 4194 1288 4307 adscriptum
1317 4221 1494 4300 nonno,
1523 4193 1617 4277 haec
1653 4223 1757 4280 vero·
1787 4205 2009 4286 contineant
2047 4233 2172 4316 (pram

489 4331 763 4442 paucissima,
789 4331 963 4418 ande'sset
991 4336 1232 4422 Kalendario
1260 4331 1529 4422 Romanoilli
1558 4337 1733 4445 similia,
1762 4337 1879 4454 quod
1904 4339 1949 4423 B.
1977 4339 2165 4422 Cardine

492 4469 543 4556 lis
566 4469 811 4558 llromasius
834 4476 1024 4591 vulgavit
1050 4476 1150 4584 Quis
1180 4506 1274 4560 vero
1303 4507 1388 4566 non
1411 4471 1606 4565 continuo
1645 4479 1858 4574 discrimen
1902 4479 2005 4567 illud
2044 4510 2092 4562 ex
2121 4515 2175 4570 eo·

492 4605 693 4726 proficisci
722 4615 1063 4732 intelliget'quod
1091 4616 1288 4702 Ecclesiae
1317 4618 1407 4704 illae
1436 4615 1700 4708 Graecanicae·
1722 4621 1940 4735 quondam,
1969 4623 2172 4718 Graecita*

494 4776 582 4841 tem
612 4755 812 4873 quandam
844 4759 1126 4869 posterioribus
1154 4763 1273 4842 etiam
1300 4761 1463 4846 saeculis
1491 4767 1711 4869 servarint,
1744 4765 1949 4851 Peucetiae
1979 4798 2073 4854 vero
2104 4803 2182 4855 no·

493 4919 593 4982 strae
620 4899 808 4990 Romanis
835 4899 1017 5006 llitiltus,
1045 4919 1085 4982 et
1113 4897 1310 4984 Romanae
1338 4899 1554 4990 cathedrae
1582 4937 1737 5022 semper
1764 4905 2015 4999 adltaeserint.
2031 4913 2176 4998 Plures,

2360 2144 2368 2213 i

2351 2508 2362 2611 i
