4846 6622
1140 523 1158 638 (
1192 521 1268 610 ¹⁶⁰
1305 519 1323 635 )

471 723 578 808 rent,
606 729 687 788 aon
715 700 849 786 statim
877 695 997 811 igitur
1023 689 1189 778 Basilica
1218 687 1398 802 Cryptae
1426 682 1633 790 adiuncta,
1661 681 1857 769 ascalias
1884 679 1999 786 duae,
2028 711 2128 796 quae

461 850 505 930 in
532 846 626 928 actis
654 835 858 953 aliquibus
885 835 1100 951 leguntur,
1129 835 1213 917 sive
1240 828 1386 918 melius
1422 855 1500 914 una
1538 830 1582 914 in
1610 822 1772 910 Basilica
1800 824 1875 906 tria
1902 819 2063 923 altaria,
2091 839 2131 904 et
2188 929 2192 938 ,

453 1015 567 1104 ,quae
595 1013 618 1066 a
645 981 702 1070 Ss
730 976 900 1091 Appulia
927 975 1159 1088 Episcopis,
1187 970 1348 1060 sedente
1375 971 1497 1052 etiam
1525 963 1686 1058 Gelasio
1699 982 1918 1050 consecrata
1932 960 2133 1050 dicuntur.

581 1117 705 1232 Quod
733 1123 765 1202 si
795 1147 876 1210 non
903 1117 1034 1200 statim
1041 1140 1143 1218 ,non
1172 1109 1292 1226 longo
1308 1129 1452 1220 ⁸tamen
1480 1126 1570 1228 post
1598 1127 1777 1220 tempore
1809 1103 1974 1190 Basilica
2000 1099 2133 1192 aedifi·

472 1268 552 1352 cari
580 1281 735 1374 caepta,
763 1279 853 1374 post
882 1255 1137 1342 medietatem
1166 1251 1316 1348 scilicet
1347 1248 1400 1338 V
1393 1251 1429 1336 Ι.
1457 1246 1626 1357 menri,
1654 1241 1840 1360 illudque
1877 1246 1992 1336 nobis
2019 1275 2130 1362 argu-

467 1425 606 1497 mento
636 1399 689 1494 ad
716 1405 774 1494 sic
802 1394 1112 1496 existimandum
1140 1413 1220 1500 est,
1248 1393 1363 1508 quod
1390 1393 1442 1480 de
1469 1394 1507 1478 S
1537 1385 1787 1482 mathide
1826 1390 1870 1478 in
1906 1391 2000 1472 actis
2037 1391 2135 1472 eius·

467 1543 562 1638 dem
591 1541 642 1636 ab
669 1540 996 1628 Eminentissimo
1023 1531 1225 1634 Cardioali
1254 1531 1396 1653 Borgia
1425 1533 1542 1622 editis
1577 1531 1754 1649 legitur,
1790 1551 1830 1614 et
1866 1527 1979 1642 quod
2013 1562 2130 1649 supra

468 1687 640 1786 relatum
668 1681 756 1770 init
784 1679 881 1765 Post
909 1673 1158 1768 aedificatam
1188 1673 1409 1768 Ecclesiam
1447 1677 1608 1791 cogitari
1652 1671 1704 1768 dc
1739 1669 1809 1780 illa¹
1841 1669 2024 1770 sollemni
2059 1680 2138 1770 ritu

470 1822 639 1918 dicanda
668 1843 848 1936 poterat,
877 1841 917 1906 et
954 1820 1129 1942 maxime
1173 1812 1336 1932 wando
1378 1813 1541 1900 illustris
1568 1797 1868 1929 Sipontinoium
1911 1821 2074 1903 victoria
2100 1817 2136 1906 S.

474 1967 676 2064 Michaelis
705 1959 939 2079 Archangeli
966 1961 1239 2051 intercessione
1268 1973 1377 2070 parta
1404 1951 1573 2042 demum
1591 1951 1678 2038 fuit
1698 1952 1777 2040 Sed
1796 1959 1898 2042 inter
1915 1986 2018 2072 quos
2035 1987 2142 2042 com·

470 2113 641 2206 missum
669 2103 775 2189 istud
803 2102 882 2202 luit
909 2099 1181 2228 praeliumi’et
1207 2127 1293 2213 quo
1321 2093 1527 2208 tempore?
1545 2091 1622 2189 lies
1636 2098 1744 2180 enim
1762 2095 1834 2180 hae
1849 2097 2016 2186 incertae
2038 2121 2140 2202 sunt,

471 2271 510 2344 et
539 2244 678 2328 multis
706 2244 897 2328 ohnoxiae
925 2236 1238 2342 difficultatibus,
1256 2240 1310 2332 ita
1323 2231 1384 2320 ¹ut
1411 2267 1474 2324 eas
1502 2234 1707 2347 explanare
1734 2258 1921 2352 oporteat.
1940 2234 2033 2322 Ado
2050 2244 2136 2352 qui·

475 2385 571 2469 dem
601 2379 829 2494 Neopolitas
858 2379 1152 2464 Beneventanos
1179 2373 1287 2466 bello
1314 2374 1506 2470 laoessisse
1537 2378 1684 2463 scribit.
1712 2377 1790 2465 Sed
1821 2377 2049 2476 manifestus
2083 2411 2143 2468 en

475 2555 543 2634 ror
572 2546 647 2627 est,
677 2529 715 2606 el
745 2518 905 2624 fortasse
933 2520 1190 2631 manuscripti
1218 2515 1371 2619 libelli,
1399 2539 1550 2630 atquo
1578 2515 1670 2602 Ado
1698 2547 1813 2604 suam
1841 2526 2031 2633 excerpsit
2058 2553 2145 2607 nar·

401 2761 405 2770 ¹
475 2671 678 2768 rationem,
707 2661 802 2760 Non
831 2657 1055 2764 inficiamur
1083 2689 1203 2772 porro
1232 2665 1497 2758 communiter
1525 2657 1600 2778 legi
1619 2725 1630 2768 ,
1651 2659 1939 2773 ll'eapolitanos
1955 2662 2077 2756 simul
2105 2685 2145 2748 et

478 2809 785 2896 Beneventanos
816 2801 1036 2913 Sipontinis
1074 2797 1230 2886 bellum
1272 2795 1466 2900 indixisse.
1494 2800 1579 2886 Nos
1608 2829 1702 2884 vero
1733 2802 2038 2886 Berreventanos
2066 2813 2148 2900 ta'n.

352 3027 354 3033 .
477 2968 569 3055 tum
602 2945 826 3056 Sipontinae
863 2937 914 3028 ad
943 2938 1099 3033 bellum
1143 2964 1373 3050 provocasse
1410 2943 1687 3040 existimamus
1715 2938 1843 3040 Nullo
1878 2941 1984 3038 enim
2023 2940 2150 3038 modo

476 3086 728 3207 adquiescere
757 3083 1070 3187 Eminentissimi
1101 3074 1324 3180 Cardinalis
1355 3083 1520 3176 Berotai
1547 3081 1757 3178 sententiae
1798 3109 2038 3194 pomumns,
2076 3093 2150 3197 qni

478 3227 733 3346 apparitionis
762 3245 802 3307 et
831 3225 1017 3320 victoriae
1045 3225 1167 3326 simul
1195 3230 1361 3310 miscens
1389 3221 1622 3325 historiam,
1649 3218 1938 3318 emendandam
1980 3231 2034 3310 ita
2062 3259 2150 3322 nnn.

477 3370 582 3474 suit,
610 3387 655 3448 ut
683 3367 824 3478 potius
853 3362 1068 3482 legendum
1098 3369 1148 3449 sit
1176 3366 1330 3470 bellurn
1359 3365 1477 3463 fuisse
1509 3367 1610 3462 inter
1643 3359 1882 3467 Odoacrem,
1911 3385 1950 3448 et
1976 3367 2153 3456 Theodo-

478 3509 632 3606 ricum,
661 3509 726 3608 cui
753 3503 898 3604 ultimo
928 3505 1127 3617 Sipontini
1153 3505 1361 3609 favebant,
1405 3525 1451 3588 ut
1489 3525 1528 3586 at
1557 3501 1735 3614 Epistola
1772 3499 2009 3602 Theoderici
2043 3505 2154 3618 nputl

486 3639 770 3730 cassiodorum
797 3645 937 3762 elicere
965 3645 1041 3729 sibi
1070 3650 1212 3751 visum.
1243 3646 1327 3730 Nec
1357 3649 1452 3730 item
1482 3647 1651 3729 assentiri
1683 3671 1894 3769 possum
1923 3644 2152 3738 doctissimo

486 3785 755 3892 AmemannO,
797 3788 857 3882 uti
885 3816 957 3889 nec
985 3783 1251 3886 eruditissimo
1280 3779 1543 3888 Bollandistae
1571 3779 1797 3898 Stilu'rgro,
1833 3813 2010 3914 quorum
2048 3789 2146 3883 alter

487 3923 676 4028 bellum,
704 3921 756 4008 de
794 3955 879 4039 quo
907 3930 949 4010 in
977 3924 1151 4009 Historia
1179 3925 1216 4020 S,
1246 3922 1469 4027 Michaelis,
1504 3919 1614 4018 illud
1652 3921 1772 4007 fuisse
1811 3928 1881 4029 ait,
1910 3925 2024 4056 quod
2050 3957 2154 4014 anno
2191 3987 2199 3998 .

481 4056 716 4145 Dcxcvss
745 4059 1007 4176 Grimoaldus
1035 4059 1407 4156 Benevffltanorum
1453 4058 1538 4147 dux
1576 4083 1710 4149 contra
1749 4064 1921 4152 Graecos
1959 4069 2154 4174 confecit5

484 4199 584 4282 alter
612 4231 706 4304 vero
738 4202 891 4306 hellam
920 4201 1024 4299 illud
1054 4201 1220 4308 indicari
1240 4225 1370 4318 putat,
1388 4201 1499 4332 quod
1519 4201 1796 4301 diuturnuma
1818 4207 2015 4309 Belisario
2033 4206 2157 4302 Gran·

482 4337 622 4423 corum
651 4340 752 4437 duce
781 4365 913 4446 eontra
943 4341 1098 4432 Gothos
1127 4367 1296 4460 gestum.
1326 4345 1459 4432 Liceat
1487 4344 1600 4438 nobis
1644 4375 1686 4432 ea
1724 4343 1776 4448 de
1813 4378 1855 4432 re
1892 4355 2158 4450 coniecturam

483 4501 664 4566 nostram
691 4481 855 4586 adferre,
885 4483 933 4583 In
963 4485 1247 4592 lectionibus,
1277 4501 1379 4618 quae
1407 4482 1474 4580 die
1505 4518 1557 4606 29
1584 4484 1817 4596 septembris
1841 4489 2033 4588 innostro
2064 4487 2158 4586 Mss

485 4620 708 4728 BreviariO,
736 4617 788 4728 cle
818 4652 901 4734 quo
930 4627 971 4738 in
999 4623 1302 4720 Commentario
1332 4625 1513 4734 praevio,
1530 4622 1743 4716 'manifeste
1770 4621 2154 4731 dicitur,victoriann

488 4755 601 4854 illam
631 4757 791 4873 Pelagio
820 4757 1012 4860 Pontifice
1040 4794 1064 4845 a
1092 4763 1305 4876 sipontinis
1334 4739 1495 4874 partam.
1518 4753 1681 4878 Legitur
1700 4749 1807 4862 enirn
1826 4764 2081 4880 sipontinum
2100 4765 2157 4864 E·

484 4904 693 5028 piscopnm
723 4900 933 5018 Pelagium
961 4898 1014 4986 de
1043 4901 1217 4997 Ecclesia
1247 4903 1284 4987 S.
1314 4903 1531 4994 llir'clrnelis
1559 4907 1719 5032 nomine
1755 4898 1971 5002 dedicanda
2010 4933 2147 5002 constr,
