4914 6610
1073 576 1091 697 (
1127 573 1200 698 1‘57
1231 581 1249 702 i

318 783 405 842 sum
436 751 623 838 Horatius
652 769 817 836 testatur
846 743 996 864 (1),ex
1025 781 1109 867 quo
1137 755 1325 866 suspicari
1363 751 1485 859 lioet,
1513 753 1643 840 Lucos
1680 781 1807 842 sacros
1836 761 1878 846 in
1915 760 1987 847 illo

318 895 407 981 Diis
435 891 554 980 fuisse
582 889 742 976 ditatos
771 888 861 1002 Ipsa
890 893 1008 974 etiam
1037 887 1186 977 Montis
1214 887 1343 1009 figura
1382 917 1422 979 et
1450 893 1560 980 locus
1600 915 1739 1010 utpote
1777 897 1830 982 ab
1858 901 1988 1014 Apen-

319 1041 420 1124 ninis
448 1036 658 1134 distracti,
694 1049 734 1114 et
762 1033 803 1113 in
833 1057 941 1112 mare
969 1056 1011 1111 se
1038 1031 1307 1140 protendentis
1335 1032 1398 1149 (a)
1425 1031 1579 1148 aliquid
1607 1039 1704 1121 sacri
1733 1035 1899 1142 habere,
1917 1039 1988 1124 ho·

319 1181 477 1263 minum
507 1173 709 1259 mentibus
739 1174 869 1253 visum
883 1167 997 1272 ¹fuit,
1026 1199 1074 1252 eo
1104 1169 1169 1253 vel
1199 1176 1370 1257 maxime
1399 1170 1512 1286 quod
1532 1175 1807 1290 navigantibus
1826 1205 1897 1290 per
1912 1175 1992 1262 Ha·

321 1319 533 1403 driaticum
561 1341 689 1414 mare,
723 1308 848 1394 veluti
877 1311 918 1392 in
946 1311 1106 1426 signum
1135 1308 1312 1394 elevetur
1329 1345 1353 1415 ,·
1369 1333 1409 1394 et
1436 1343 1484 1396 er
1512 1343 1560 1396 eo
1588 1335 1728 1400 nautae
1756 1335 1992 1422 ventorum,

321 1483 360 1546 et
377 1476 672 1569 ¹tempestatum
700 1454 960 1570 prognostica,
989 1472 1027 1534 et
1057 1455 1175 1534 etiam
1205 1447 1483 1563 hodie,petere
1509 1453 1668 1539 soleant.
1696 1456 1762 1540 Ex
1790 1457 1982 1544 Strabone

319 1601 498 1714 denique
529 1593 718 1679 discimus
754 1592 1010 1693 Calchantis,
1039 1609 1080 1674 et
1110 1587 1326 1702 Podalyrii
1351 1591 1526 1706 templa,
1556 1614 1596 1677 et
1623 1594 1779 1682 oracula
1798 1625 1920 1711 quam
1936 1627 1995 1682 ce-

325 1741 535 1830 leberrima
550 1736 631 1824 illic
647 1737 775 1822 baisse.
784 1734 979 1820 Martinus
994 1761 1159 1847 quoque
1187 1726 1255 1813 del
1273 1730 1358 1816 ttio
1378 1734 1535 1820 Calliae
1563 1756 1601 1819 et
1622 1735 1867 1850 Amphiarai
1882 1737 1980 1826 illuc

324 1884 510 1971 similiter
523 1879 678 1968 cultum
692 1875 887 1964 celebrem
911 1874 1033 1959 fuisse
1048 1871 1170 1958 addit
1183 1872 1245 1960 lbi
1265 1875 1510 1980 animalium,
1529 1906 1631 1991 quae
1648 1898 1759 1962 autea
1776 1879 1996 1966 mactaban-

326 2045 414 2127 tur,
442 2019 593 2108 infirmi
620 2019 800 2104 homines
829 2017 1001 2130 pellibus
1029 2018 1121 2100 tecti
1148 2011 1420 2117 dormiebant,
1448 2036 1496 2098 ut
1523 2013 1576 2099 de
1604 2014 1821 2104 medicinae
1849 2048 1991 2136 genere
2092 2013 2096 2024 ’

327 2171 369 2251 in
400 2167 564 2248 somniis
592 2158 910 2246 admouerentur.
939 2158 1223 2273 Antiquissima
1242 2154 1474 2240 huiusmodi
1494 2156 1571 2241 fuit
1585 2163 1831 2270 superstitio,
1850 2184 1891 2248 et
1908 2163 1996 2276 plu·

331 2307 443 2392 ribus
471 2301 633 2420 populis
660 2301 907 2401 eommunis,
927 2317 967 2382 et
995 2293 1046 2379 ad
1075 2296 1187 2380 illam
1216 2298 1426 2406 respexisse
1455 2293 1571 2380 Isaias
1601 2295 1773 2403 videtur,
1788 2330 1883 2384 eum
1901 2299 1996 2414 Cap.

333 2448 403 2552 65,
430 2473 468 2528 v.
496 2446 535 2548 4.
564 2443 718 2556 scripsit
745 2461 787 2523 :t
824 2440 889 2524 Aa
917 2441 969 2522 iis
996 2439 1067 2554 qui
1092 2435 1272 2520 lutitant
1298 2437 1344 2518 in
1362 2436 1639 2552 apuleienses
1660 2438 1705 2518 in
1724 2435 1899 2523 delubris
1917 2437 2001 2523 ido

335 2574 466 2670 lorum
493 2583 719 2688 dormiimt,
746 2599 794 2664 nt
820 2609 870 2664 ex
898 2579 1061 2662 Ducaeo
1093 2572 1155 2690 (3)
1185 2579 1432 2690 accepimus,
1450 2581 1522 2692 qui
1550 2577 1592 2662 S·
1624 2574 1921 2689 Hieronymum
1935 2578 2005 2666 ad·

333 2736 436 2833 fert,
464 2755 568 2842 quae
593 2742 841 2838 sequuntur,
872 2717 1109 2804 scribentem
1129 2749 1172 2811 ε
1199 2717 1248 2801 In
1266 2713 1440 2803 duent
1467 2717 1664 2806 idolomm
1692 2720 1762 2802 uhi
1772 2722 1909 2804 stratis
1918 2722 2004 2833 pel·

336 2873 437 2958 [ihm
464 2869 687 2956 bestiarum
704 2861 893 2944 incubare
911 2858 1016 2974 soliti
1032 2873 1163 2960 erant,
1182 2872 1224 2940 ut
1238 2861 1404 2942 somniis
1415 2855 1571 2970 futtuo
1590 2857 2010 2975 cognmscerent‚quod

336 3021 379 3099 in
390 3007 505 3123 fano
526 3003 778 3118 AErculapii
803 3027 926 3116 usque
953 2995 1071 3081 hodie
1099 3023 1212 3078 eamr
1237 2993 1408 3082 celebrat
1435 2996 1709 3084 dlhnr'comm.
1737 2997 1804 3082 Eu
1832 2999 1884 3082 ab
1911 2995 2005 3082 Hie·

321 3181 513 3265 ronymo
540 3170 726 3236 testatum
753 3143 947 3229 habemus
975 3138 1292 3250 superstitionem
1320 3136 1562 3256 Garganicae
1588 3138 1761 3224 similem
1798 3136 2006 3255 adusque

339 3325 418 3382 sua·
438 3317 618 3407 tempora
645 3283 887 3402 perdurasse.
916 3277 1001 3366 Nec
1028 3281 1181 3364 mirum
1218 3276 1348 3363 videri
1383 3275 1504 3366 debet
1546 3275 1599 3364 ad
1629 3277 1678 3362 V.
1705 3277 1939 3389 saeculum,
1969 3301 2010 3370 et

339 3434 458 3553 quod
486 3432 690 3531 excurrit,
717 3425 922 3538 paganicas
951 3421 1244 3531 superstitiones
1270 3423 1313 3504 in
1343 3423 1454 3538 pagis
1483 3423 1686 3523 maxime,
1722 3441 1763 3505 et
1791 3427 1893 3538 agris
1921 3453 2008 3538 per-

332 3601 561 3678 severasse,
588 3597 684 3657 cum
713 3561 863 3650 Gelasii
891 3559 963 3673 Pp.
991 3587 1090 3645 aevo
1118 3554 1250 3644 adbuc
1278 3558 1427 3646 Romae
1456 3559 1689 3676 Lupercalia
1707 3560 2009 3670 celebrarentur,

346 3722 571 3828 scitumque
598 3712 648 3797 sit
674 3707 713 3793 S.
742 3699 1003 3788 Benedictum
1032 3695 1176 3782 Casino
1204 3700 1252 3782 in
1278 3697 1417 3784 Monte
1444 3703 1633 3814 reperisse
1660 3699 1795 3804 idola,
1824 3720 1864 3787 et
1891 3700 2010 3809 Faue,

318 3879 382 3942 ·et
408 3853 624 3941 beneventi
651 3851 808 3962 viperae
837 3840 992 3927 cultum
1028 3868 1157 3955 usque
1189 3838 1243 3927 ad
1270 3839 1309 3924 s
1337 3839 1497 3928 Barbati
1524 3861 1704 3956 tempora
1733 3872 2007 3957 perseverasse,

354 3995 406 4080 de
434 4009 518 4108 quo
543 3987 720 4076 inferius.
1519 4053 1551 4068 ..

434 4131 526 4216 ·Er
553 4127 741 4214 hactenus
768 4120 885 4212 dictis
914 4123 1108 4216 massere
1134 4123 1269 4212 licebit
1282 4121 1545 4238 praedivitem
1571 4129 1708 4212 virum
1725 4125 1846 4212 illum
1860 4155 1943 4213 uon
1966 4155 2014 4210 ex

543 4291 555 4318 '
781 4311 789 4324 ·
1021 4313 1024 4322 =
1080 4326 1085 4335 .

450 4495 616 4600 (r)·1r'b.
646 4519 684 4568 a.
713 4497 770 4572 od·
798 4525 849 4600 9.·
877 4555 886 4575 .
919 4549 929 4570 .
960 4550 971 4573 .
1005 4547 1016 4570 .
1046 4491 1304 4592 ‚Aquilonibus

551 4623 716 4717 Querceta
741 4625 892 4726 Gargani
918 4621 1071 4700 laborant
1094 4633 1128 4696 et
1150 4617 1212 4698 lib.
1242 4645 1280 4696 a.
1306 4616 1357 4694 II.
1383 4617 1494 4722 Epist.
1523 4618 1558 4696 1.
1585 4619 1781 4724 Garpnum
1805 4619 1932 4722 mugire
1955 4641 2019 4717 pu·

351 4771 399 4830 ¹⁶⁸
424 4775 677 4980 nimiimdppulus
700 4876 859 4953 Adriacas
882 4878 949 4954 exit
973 4875 1147 4976 Gargautts
1169 4869 1347 4950 inundes.
1374 4870 1519 4952 Lucan.

442 5007 500 5108 (3)
524 5003 632 5082 Norae
656 5007 691 5079 in
714 5005 812 5106 Epist
850 5005 897 5080 ll·
924 5003 961 5082 S·
988 5003 1117 5082 Paulini
1141 5001 1277 5084 Nolani.

207 5659 398 5991 a(

118 6076 132 6103 ι
282 5982 311 6063 b
