4884 6692
276 821 412 907 licebit
439 845 586 905 sacram
612 806 844 927 liturgiam
860 789 972 912 'quae
999 805 1155 896 maculo
1192 804 1271 892 llll
1308 807 1351 892 in
1387 804 1584 918 praeclara
1611 803 1680 890 illa
1709 803 1961 896 Patriarcltali

270 965 473 1052 Dominici
500 957 672 1076 sepulcri
700 945 879 1037 Ecclesia
907 946 1074 1066 vigebat.
1102 945 1228 1066 Nulla
1267 944 1362 1032 inde
1380 949 1636 1036 sacratissimi
1648 952 1825 1062 corporis
1843 949 1958 1036 Clari-

271 1110 321 1194 sti
377 1101 465 1190 serti
493 1102 643 1192 mentio
671 1099 715 1181 iu
742 1092 818 1177 hoc
845 1085 1028 1198 Codice,
1056 1091 1167 1176 nulla
1195 1090 1259 1174 SS.
1288 1090 1518 1195 Dominici‚
1549 1113 1595 1176 et
1623 1089 1961 1198 Francisci‚nulla

275 1251 313 1334 S.
342 1233 518 1332 llromae
546 1236 835 1328 Cantuariensis
863 1235 1017 1318 mentio
1042 1233 1237 1339 habetur,
1262 1236 1323 1318 uti
1352 1253 1393 1318 et
1420 1232 1531 1318 nulla
1559 1233 1839 1347 Conceptionis
1858 1231 1954 1317 Bea-

278 1413 339 1474 tae
358 1387 544 1503 Virginis,
563 1380 748 1497 quamvis
766 1375 841 1460 alia
862 1401 985 1460 manu
1005 1374 1232 1476 recentiori,
1250 1369 1321 1456 sed
1340 1376 1504 1489 antiqua
1522 1395 1655 1472 tamen
1671 1379 1713 1460 in
1732 1371 1960 1460 kalendario

276 1527 471 1640 adscripta
499 1526 727 1638 reperiatur.
756 1512 881 1623 Quod
898 1541 996 1596 vero
1024 1516 1198 1596 maxime
1226 1516 1370 1600 evincit
1388 1519 1704 1632 autographum,
1723 1549 1772 1604 ex
1790 1548 1874 1636 quo
1888 1515 1962 1602 Ba.

279 1665 467 1754 rolitanus
494 1665 715 1774 exscriptus
748 1653 874 1740 codex
903 1653 995 1759 fuir,
1023 1651 1249 1765 Liturgiam
1277 1651 1361 1736 Xll
1390 1655 1534 1740 saeculi
1552 1687 1624 1742 nos
1655 1655 1831 1764 docere,
1859 1653 1967 1742 illud
2100 1645 2102 1648 ⁵
2155 1763 2161 1776 .

275 1831 346 1914 est,
374 1802 488 1922 quod
516 1799 721 1888 manifeste
748 1797 894 1914 legenti
922 1809 1105 1906 appareat
1134 1798 1235 1880 ritus
1264 1793 1353 1879 illos
1381 1800 1546 1884 usitatos
1574 1799 1725 1911 fuisse,
1771 1834 1867 1890 cum
1893 1797 1967 1884 La·

283 1954 356 2036 tini
384 1953 426 2034 in
454 1945 656 2046 Civitatis,
685 1965 724 2026 et
751 1940 876 2054 Regni
905 1933 1258 2044 Hierosolymitani
1288 1935 1405 2047 plena
1433 1959 1545 2022 erant
1581 1947 1821 2054 possessione
1841 1973 1851 2027 t
1868 1999 1871 2008 -
1891 1975 1962 2030 nec

280 2085 530 2173 animaliter
558 2085 764 2184 stationes,
792 2078 1057 2190 processiones
1084 2071 1137 2158 ad
1171 2080 1297 2160 varias
1337 2075 1716 2190 Hierosolymitanas
1744 2084 1963 2189 Ecclesiae,

187 2211 192 2222 ¹
279 2253 370 2314 tum
398 2247 439 2311 et
467 2227 593 2309 vicina
621 2221 706 2303 loca
721 2215 808 2301 steri
825 2235 1015 2328 poterant
1034 2213 1268 2300 Cumssvcro
1297 2239 1445 2303 constet
1459 2251 1563 2306 anno
1584 2223 1783 2312 MOGVII
1811 2251 1965 2341 captam

278 2371 396 2452 fuisse
424 2362 770 2472 Hierosolymam,
799 2380 839 2444 et
869 2359 1002 2444 Acron
1030 2362 1114 2442 sive
1127 2355 1420 2443 Ptolemaidem
1439 2361 1658 2480 confugisse
1678 2367 1961 2481 Latinos,por·

276 2507 585 2620 roconscquitur
599 2525 688 2588 ante
702 2521 860 2613 captam
875 2502 1056 2584 Sanctam
1070 2496 1293 2606 Civitatem,
1313 2503 1460 2588 scilicet
1473 2525 1563 2590 ante
1582 2491 1734 2593 anatim
1749 2509 1959 2616 MCCVll,

277 2648 570 2766 autographum
598 2648 792 2758 seriptum
821 2641 951 2726 fuisso.
978 2640 1086 2725 Cum
1115 2670 1210 2724 vero
1239 2646 1281 2726 in
1299 2641 1449 2730 fodior
1462 2645 1612 2759 pluries
1630 2653 1793 2755 veteris,
1811 2672 1851 2733 et
1870 2652 1965 2734 novi

281 2817 376 2874 usus
405 2791 556 2872 mentio
583 2785 772 2870 labentur
800 2782 912 2867 lateri
949 2783 1114 2866 omnino
1163 2785 1363 2896 oportebit
1388 2815 1471 2872 non
1517 2794 1696 2875 exeuntis
1724 2789 1809 2874 XII
1837 2819 1966 2877 saecu·

278 2932 334 3035 li,
361 2928 433 3015 sed
461 2947 501 3012 et
528 2929 702 3014 ineuntis
730 2953 895 3040 quoque
922 2921 1127 3040 liturgiam
1154 2923 1228 3008 illo
1254 2927 1297 3010 in
1325 2923 1461 3025 codice
1479 2933 1681 3015 contineri.
1810 2961 1816 2966 ·

299 3140 302 3148 .
398 3067 479 3157 Sed
507 3091 555 3153 nt
583 3099 686 3184 quae
713 3067 845 3153 adhuc
872 3064 924 3152 de
962 3085 1086 3150 aetate
1123 3067 1358 3184 autographi
1395 3070 1780 3186 Hierosolymitani,
1817 3093 1857 3158 et
1893 3072 1967 3159 Ba·
2086 3053 2100 3075 ’

281 3212 438 3300 rolitani
470 3212 697 3334 apographi,
715 3209 920 3314 diximus,
946 3211 1094 3325 magis,
1114 3189 1319 3327 magisque
1338 3207 1636 3321 confirmemus,
1655 3217 1808 3300 iuvabit
1826 3214 1958 3330 aliqua

226 3465 231 3478 λ
287 3363 351 3446 hic
379 3353 533 3442 adferre
563 3353 614 3438 de
643 3355 873 3438 Patriarchis
901 3353 992 3458 illis,
1021 3381 1199 3466 quorum
1228 3357 1379 3437 mentio
1399 3357 1440 3438 in
1455 3355 1696 3440 ·Barolitano
1724 3356 1858 3444 codice
1895 3331 1985 3444 hass

287 3502 415 3586 betur.
429 3497 586 3580 Trium
614 3495 962 3630 Patriarclrarum,
989 3492 1133 3605 utique
1160 3492 1412 3599 latinorum,
1442 3497 1483 3578 in
1512 3494 1714 3580 Breviario
1741 3496 1841 3613 (hic
1857 3503 1964 3585 euim

288 3635 448 3724 Codicis
477 3637 639 3742 titulus,
667 3658 714 3719 ut
742 3629 879 3748 infra)
907 3632 1068 3716 nomina
1096 3629 1297 3748 leguntur.
1325 3633 1468 3741 Quarti
1505 3640 1547 3720 in
1576 3635 1812 3746 kalendario,
1839 3637 1953 3754 quod

282 3789 389 3870 certe
413 3779 566 3866 tardius
594 3778 795 3864 adiectum
824 3775 929 3878 fuit,
965 3776 1117 3860 mentio
1144 3777 1320 3864 liabetur.
1348 3781 1508 3866 Primus
1552 3802 1610 3867 est
1640 3781 1885 3897 Amutptas,
1914 3779 1966 3867 de

293 3951 378 4036 quo
406 3919 553 4004 dicitur
581 3922 830 4032 praecepisse,
857 3940 906 4001 ut
933 3921 974 4001 in
1004 3915 1103 4002 festo
1120 3921 1439 4007 Annuntiationis
1456 3921 1603 4006 Mariae
1621 3921 1797 4036 Virginis
1814 3943 1855 4005 et
1879 3919 1969 4012 Glo—

281 4065 348 4145 ra‘a
375 4063 420 4142 in
449 4060 626 4144 escaria·
648 4081 691 4144 et
721 4057 856 4145 Credo
885 4056 1121 4144 dicerentur.
1150 4060 1187 4144 Α
1215 4057 1460 4175 quibusdam
1487 4063 1552 4146 hic
1579 4083 1627 4145 ut
1653 4067 1807 4172 primus
1821 4093 1869 4148 ex
1885 4064 1958 4150 La·

279 4207 370 4288 tiaris
398 4200 775 4312 fflemolymomm
801 4200 1025 4286 Patriarclra
1043 4199 1223 4304 habitus,
1241 4228 1375 4286 revera
1390 4223 1521 4286 tamam
1540 4205 1684 4288 tertius
1696 4201 1774 4288 luit
1792 4197 1961 4290 docente

247 4433 252 4442 ,
281 4343 555 4430 eruditissimo
579 4343 623 4428 Ρ.
646 4343 819 4428 Βαὴὶεἰε
846 4343 1114 4457 Papebroclrio
1143 4340 1215 4460 (t).
1252 4343 1412 4428 Primus
1463 4347 1572 4430 enim
1611 4371 1657 4431 ex
1703 4346 1851 4434 latinis
1888 4347 1966 4436 fuit

281 4488 531 4602 Daylrertur,
546 4483 742 4618 secundus
770 4515 866 4571 vero
901 4485 1113 4576 Gabelinrrs
1141 4487 1226 4569 sive
1250 4483 1466 4575 Gibelinus.
1486 4483 1575 4572 Hoc
1593 4486 1740 4574 ultimo
1768 4493 1849 4575 vita
1867 4486 1956 4576 fun·

298 4959 303 4962 ·
374 4943 786 5045 (r)1uPatriarclmrum
813 4939 1189 5044 llierosolymitanorum
1213 4943 1356 5016 Historia
1383 4941 1626 5046 Clarouologira
1659 4945 1836 5020 Tom.111
1864 4968 1957 5015 ruen-

286 5075 438 5150 sis-Maii
466 5075 541 5145 Act.
572 5069 686 5146 Sanct.
714 5070 873 5170 praefixa,
901 5097 941 5144 cx
967 5097 1031 5172 qua
1056 5067 1160 5148 multa
1185 5072 1379 5171 excerpsisse
1405 5071 1459 5146 vel
1485 5071 1628 5206 liliputer
1652 5075 1806 5144 latemur.

1768 5453 1872 5522 st
