4884 6692
1184 465 1187 476 ’
1278 507 1431 627 (26)

625 742 661 798 a.
689 697 762 786 vei
787 692 971 780 Verbum
1000 716 1089 775 caro
1121 682 1273 770 tactum
1349 717 1352 724 ¹

626 852 661 922 t.
690 839 739 923 ln
767 834 964 950 principio
993 847 1076 915 erat
1103 821 1275 910 verbum
2050 887 2056 896 .

469 1037 472 1042 -
632 984 800 1071 Interim
824 987 1066 1093 preparatus
1082 965 1276 1052 ancona
1294 987 1388 1046 eum
1401 956 1652 1072 processione
1662 963 1806 1040 veniat
1823 945 2065 1044 arttoadare.
2076 945 2200 1036 Incli-

513 1143 608 1212 nato
638 1125 944 1238 capitcbrevcnt
954 1109 1098 1228 faciat
1106 1113 1334 1196 orationem
1352 1097 1468 1190 Tunc
1488 1098 1679 1184 diacorms
1694 1093 1839 1210 offerat
1856 1088 1946 1174 thus
1954 1089 2190 1202 patriarche

516 1265 577 1350 ad
601 1259 916 1380 benedicendwn
943 1272 982 1340 et
1003 1268 1143 1368 postea
1170 1262 1336 1361 accepta
1366 1242 1635 1332 bencdictione
1673 1255 1804 1325 cantet
1848 1232 2105 1346 eoazgettam
2132 1261 2193 1313 se-

521 1407 701 1493 cundum
729 1401 958 1490 mattheum
986 1395 1107 1483 Liber
1135 1391 1395 1510 generationis
1432 1380 1524 1468 Iesu
1561 1378 1718 1465 Christi.
1752 1377 1843 1492 (nro
1877 1372 1999 1491 sonito
2035 1371 2195 1458 inchoat

513 1545 750 1634 Patriarcha
777 1543 837 1629 Te
864 1541 1001 1627 Deum
1030 1534 1241 1624 laudamus
1270 1552 1310 1616 ta
1336 1527 1561 1613 dominum.
1592 1523 1768 1626 Dehinc
1792 1524 1878 1604 sine
1922 1523 2047 1598 mora'
2063 1513 2187 1598 donn‘·

493 1671 596 1770 'nas'
621 1681 863 1774 Patrtarclra
886 1693 1075 1796 preparet
1098 1708 1142 1764 se
1170 1672 1232 1760 ad
1256 1673 1426 1757 missam
1455 1699 1548 1756 cum
1576 1666 1782 1751 ministris.
1813 1661 1949 1748 Finito
1976 1655 2034 1742 Te
2063 1657 2187 1743 deum

506 1825 719 1914 laudamus
749 1825 919 1936 Dopnus
950 1815 1190 1906 Patriarcha
1219 1812 1329 1899 dicat
1366 1811 1473 1896 nunc
1501 1804 1777 1894 versiculum:
1806 1798 1990 1888 Verbum
2018 1825 2107 1885 caro
2135 1795 2189 1882 fa·

500 1993 614 2057 ctum
642 1987 710 2054 est.
1649 2025 1672 2066 ,
1712 1941 1717 1950 ’

1093 2101 1206 2187 Moe·
1233 2097 1424 2208 incipitur
1450 2095 1586 2180 missa

613 2252 817 2336 Dominus
846 2242 950 2328 dixit
965 2239 1030 2326 ad
1058 2269 1125 2325 me
1153 2233 1263 2324 filius

615 2387 720 2478 Psal.
749 2387 882 2497 Quare
909 2382 1160 2469 fremuerunt
1186 2396 1324 2504 gentes

617 2531 731 2616 Kirie
758 2529 915 2615 eleison.
943 2524 1060 2611 Pater
1087 2547 1238 2612 creator
1266 2524 1453 2611 omnium
1516 2510 1524 2526 ’

620 2669 737 2759 atiud
759 2669 860 2757 Kiri.
890 2670 1093 2784 Sapientia.
1120 2664 1265 2757 Gloria
1292 2674 1337 2756 in
1364 2661 1526 2750 excelsis

620 2810 735 2900 Cotta
753 2811 866 2897 Deus
894 2813 967 2926 qui
993 2811 1094 2895 hanc
1122 2811 1421 2896 sacratissimam
1449 2822 1608 2890 noctem

614 2949 829 3038 Acolitlsus.
857 2948 1069 3063 Prophetia
1097 2947 1211 3060 Isaye
1238 2947 1430 3063 prophete

614 3087 795 3207 Populus
823 3090 1005 3207 gentium
1033 3091 1107 3202 qui
1124 3088 1258 3175 amhu.

951 3227 1236 3316 Subdiaconus.
1264 3225 1445 3348 Epistola
1472 3223 1532 3312 ad
1563 3223 1709 3312 Timor.

603 3374 808 3489 'Apparuit
835 3373 960 3488 gratia
990 3367 1057 3455 dei
1084 3369 1297 3458 Salvatoris

610 3555 647 3613 a.
674 3515 827 3600 Tecum
854 3514 1098 3625 principium
1125 3517 1167 3598 in
1195 3514 1262 3601 di’e
1289 3515 1449 3603 virtutis

609 3671 644 3736 t.
673 3653 789 3741 Dixit
817 3650 1006 3745 dominus
1034 3658 1200 3747 domino
1228 3686 1321 3742 meo
1348 3684 1399 3742 se.

611 3795 797 3911 Alleluja
827 3798 1027 3886 Dominus
1055 3799 1158 3886 dixit
1185 3797 1239 3885 ad
1266 3829 1333 3885 me
1374 3881 1378 3895 x

609 3939 748 4026 Ruta·
778 3937 1004 4056 &wasia
1032 3942 1139 4030 Nato
1167 3963 1312 4029 canunt
1339 3941 1474 4025 omnia

969 4083 1243 4201 Errangelsism
1270 4078 1493 4171 secandum
1520 4081 1691 4180 Laecam

606 4219 720 4306 Exiit
747 4222 926 4315 edictum
953 4255 976 4309 a
1004 4223 1145 4310 Cesare
1173 4223 1356 4342 Augusto

602 4360 735 4448 Credo
751 4371 805 4453 in
832 4399 963 4456 unum
991 4365 1116 4452 deum
1144 4384 1298 4477 patrem

523 4533 530 4546 ·
604 4507 728 4624 Offcr.
758 4509 948 4598 Lenntur
977 4509 1050 4595 celi
1080 4526 1121 4594 et
1148 4506 1299 4591 exultet
1327 4513 1429 4590 terra

602 4691 636 4746 a„
665 4652 832 4756 Cantate
860 4652 1029 4740 domino
1058 4653 1256 4748 canticum
1285 4673 1442 4734 novum

601 4794 762 4912 Preplzt’
780 4793 884 4903 Quia
911 4823 983 4907 per
1012 4793 1199 4876 incarnati
1228 4789 1340 4876 verbi
1368 4791 1590 4874 misterium

661 4936 825 5024 Sanctus
852 4954 1005 5022 sauctus
1033 4949 1200 5019 sanetus.
1229 4930 1366 5047 Agnus
1394 4927 1460 5016 dei
1488 4932 1560 5044 qui
