4914 6610
1032 631 1044 654 ·
1260 515 1277 636 (
1312 511 1436 632 186)

518 681 635 782 tionis
674 711 751 792 ope
776 679 833 780 D.
874 680 1047 798 Virginis
1086 684 1300 788 obtentae,
1339 687 1446 770 testis
1495 711 1661 799 quoque
1689 707 1818 794 quam·
1842 677 2021 794 locuples
2040 699 2139 812 erat.

632 813 680 906 In
709 823 1009 938 lougum'vero
1037 829 1214 910 tractatio
1244 847 1376 910 nostra
1405 815 1730 935 protenderetur,
1758 823 1791 904 si
1820 821 1975 921 omnia,
2002 840 2042 903 et
2057 818 2197 904 sortas-

516 984 562 1042 se*
586 983 811 1046 memoratu
840 959 991 1080 digna,
1021 994 1123 1080 quae
1151 962 1203 1050 ad
1230 965 1429 1054 Ecclesiae
1456 964 1575 1048 huius
1605 961 1823 1046 Historiam
1844 965 2038 1074 pertinere
2059 960 2211 1078 viden-0

519 1120 618 1203 tur,
645 1101 711 1184 bic
742 1101 924 1218 colligere
953 1107 1134 1220 placeret.
1164 1105 1287 1192 Haud
1316 1135 1436 1220 porro
1464 1103 1601 1190 licebit
1628 1089 1788 1215 silentio
1809 1105 2028 1214 ¹praeterire
2056 1101 2188 1216 sepul·

518 1269 635 1326 crum
666 1244 833 1330 Domini
864 1253 989 1336 nostri
1018 1249 1108 1336 Iesu
1137 1248 1303 1356 Christi,
1321 1246 1439 1366 quod
1466 1244 1519 1332 ad
1547 1249 1760 1364 imaginem
1781 1249 1867 1330 eius
1883 1305 1894 1346 ,
1910 1243 2021 1358 quod
2051 1243 2192 1328 Hiero-

521 1381 690 1492 solymis
720 1408 809 1491 est,
840 1390 881 1474 in
910 1387 1247 1508 Hypogaeo·coli
1275 1411 1431 1476 nostrae
1449 1387 1660 1474 Ecclesiae
1688 1385 1847 1482 Nobilis
1874 1390 1936 1472 vir
1955 1386 2184 1472 Franciscus

521 1518 709 1637 Lepore,
737 1531 811 1642 qui
840 1529 901 1614 bis
929 1528 982 1614 ad
1010 1515 1121 1614 sacra
1144 1530 1506 1642 Hierosolymitaua
1536 1531 1640 1614 Loca
1670 1532 2025 1646 peregrinationem
2064 1557 2189 1612 susce-

511 1687 653 1782 perat,
681 1691 723 1754 et
751 1669 919 1783 quidem
948 1670 1084 1758 LXII
1104 1670 1305 1786 lapidibus
1334 1670 1427 1756 iude
1456 1673 1684 1756 transvectis
1713 1669 1775 1784 (r)
1805 1674 1906 1755 circa
1937 1699 2088 1754 annum
2106 1667 2191 1750 le

514 1813 689 1894 construi
718 1812 895 1912 curavit,
927 1831 968 1896 et
998 1840 1102 1896 uttnc
1129 1833 1293 1926 quoque
1331 1831 1464 1900 exstat.
1494 1811 1557 1896 De
1586 1811 1661 1896 hoc
1687 1815 1806 1894 etiam
1834 1807 2026 1922 Sepulcro
2060 1807 2190 1922 aliqua

515 1953 674 2062 scripsit
703 1949 814 2036 idem
844 1951 1068 2064 Episcopus
1094 1953 1309 2040 Sarnellius
1337 1951 1410 2068 (a).
1439 1953 1531 2038 Non
1561 1949 1749 2068 equidem
1774 1948 2042 2034 inficiabimur
2061 1950 2191 2033 diter·

515 2119 561 2172 so
589 2088 689 2174 caeli
721 2111 913 2202 aspectu,
943 2123 1027 2206 quo
1056 2091 1497 2206 Hierosolymitanum,
1534 2094 1608 2178 boc
1637 2114 1816 2176 nostrum
1855 2095 1976 2176 situm
2015 2119 2096 2175 esse
2133 2121 2189 2174 se·

516 2229 734 2342 pulcrum,
777 2237 831 2318 sic
869 2237 989 2318 maris
1025 2238 1166 2322 vicinia
1194 2261 1365 2354 cogente.
1395 2236 1530 2337 Hinc,
1568 2263 1660 2318 cum
1691 2230 1976 2342 Hierosolymis
2011 2233 2183 2346 sepulcri

517 2363 715 2486 ingressus
745 2367 952 2458 Orientem
984 2380 1193 2488 respiciat,
1222 2383 1264 2464 in
1293 2394 1427 2466 nostro
1456 2393 1589 2460 contra
1617 2373 1668 2458 ad
1698 2369 1941 2458 occidentem
1968 2395 2083 2486 patet.
2102 2373 2188 2456 Hac

517 2541 568 2595 ea
596 2514 820 2596 inversione
848 2515 1030 2619 factum,
1058 2539 1104 2600 ut
1133 2521 1361 2621 innostro,
1395 2537 1528 2600 mnua
1567 2543 1690 2628 quam
1728 2518 1769 2598 in
1798 2513 2190 2623 Hierosolymitaao,
2282 2567 2293 2574 -

519 2650 732 2754 mensula,
760 2681 879 2764 supra
908 2671 1031 2767 quam
1060 2687 1203 2769 corpus
1232 2660 1394 2744 Domini
1426 2631 1601 2768 positum
1631 2653 1726 2758 suit,
1755 2653 1807 2738 ad
1835 2657 2031 2738 sinistram
2069 2659 2192 2740 intro·

473 2798 483 2804 ’
514 2798 697 2880 etmtium
734 2817 923 2910 assurgat.
952 2797 1162 2886 Servatum
1194 2831 1289 2886 vero
1317 2794 1420 2884 illud
1449 2815 1507 2880 est
1544 2798 1777 2897 innostro,
1814 2815 1861 2876 ut
1897 2812 2015 2905 caput
2044 2789 2189 2878 Christi

498 3259 501 3265 ι
615 3165 853 3272 (1)Nequ'u
876 3167 1049 3243 concirent
1081 3183 1232 3244 nostrum
1258 3165 1348 3268 quod
1374 3163 1498 3264 lapides
1531 3167 1573 3240 ad
1607 3164 1859 3239 construendam
1885 3163 2032 3264 Sepulcri
2057 3165 2173 3242 Salva-

514 3297 592 3368 toris
614 3299 717 3370 nostri
743 3297 921 3396 imaginem
946 3293 1178 3396 Hierosolyma
1203 3294 1421 3392 Melpbictum
1453 3293 1684 3385 transtulerit,
1722 3292 1763 3365 de
1801 3290 1910 3384 salsa,
1937 3307 1970 3365 et
1997 3297 2083 3366 inani
2106 3301 2180 3393 pie-

465 3495 481 3514 ,
516 3437 594 3518 tate,
622 3423 675 3497 vel
701 3438 738 3497 ut
761 3424 905 3524 maligne
930 3426 1065 3528 quidum
1106 3425 1197 3524 loqui
1230 3437 1365 3512 emant,
1384 3423 1606 3517 superstitione
1623 3417 1800 3510 insimulet,
1819 3419 1845 3492 is
1871 3423 1953 3492 sciat
1970 3419 2021 3494 tel
2035 3421 2182 3496 floridio-

513 3549 607 3625 ribus
633 3549 801 3625 Ecclesiae
823 3549 1031 3650 temporibus
1055 3549 1214 3646 quiddam
1238 3547 1344 3621 simile
1368 3573 1387 3619 a
1413 3549 1491 3622 viris
1515 3548 1575 3646 piis
1598 3551 1767 3622 usitatum.
1796 3547 1833 3620 S.
1849 3548 2050 3644 Augustinus
2085 3575 2187 3624 nom-

513 3685 578 3786 que
610 3677 673 3752 lib.
710 3677 821 3751 XXII
855 3676 898 3754 de
918 3679 1000 3752 Cir.
1029 3679 1092 3752 Dci
1117 3680 1200 3776 Cup.
1230 3677 1266 3750 8.
1302 3679 1336 3776 ς.
1368 3699 1404 3775 7.
1441 3673 1548 3777 aliquo
1581 3689 1691 3749 canat
1728 3713 1764 3758 ς
1788 3677 1833 3748 de
1858 3687 1956 3750 terra
1981 3694 2112 3751 soracta
2136 3671 2188 3751 de

511 3807 745 3906 ierosolymis
769 3807 884 3882 allata
911 3807 973 3880 ubi
994 3809 1154 3907 supultus
1182 3805 1345 3879 Christus
1368 3803 1427 3876 die
1454 3812 1560 3878 tertio
1583 3811 1795 3880 resurrecti.
1813 3801 1943 3878 Deinde
1968 3803 2048 3878 ltatc
2073 3803 2113 3878 S.
2134 3807 2186 3879 E·

510 3935 664 4030 piscopus
687 3930 858 4032 subiungit
877 3965 913 4010 :r
931 3933 1005 4010 Vir
1036 3933 1256 4009 tribunum
1279 3931 1471 4032 Hesperius
1510 3958 1534 4002 o
1564 3959 1621 4006 me
1651 3949 1685 4006 et
1732 3931 1948 4008 Maximino
1974 3933 2005 4005 S
2006 3937 2183 4022 ytinerrsis

515 4057 713 4134 Ecclesiae
724 4057 981 4158 Episcopo...
992 4067 1126 4159 petivit,
1146 4075 1186 4135 ut
1202 4074 1288 4134 terra
1312 4059 1367 4134 illa
1391 4057 1612 4165 infoderettu
1625 4057 1773 4154 alicubi,
1788 4075 1898 4160 atque
1914 4059 1964 4134 ibi
1981 4067 2183 4134 orationum

510 4191 610 4262 iocus
635 4189 778 4284 steret,
820 4187 882 4261 uiri
912 4194 1021 4260 etiam
1050 4205 1196 4286 posrcru
1230 4187 1433 4280 Christiaui
1469 4189 1520 4264 rui
1557 4189 1812 4283 celebranda,
1851 4213 1947 4289 qtme
1974 4189 2045 4262 Dei
2070 4203 2180 4282 sunt,

509 4322 740 4413 congregari.
771 4315 859 4390 Non
884 4318 1093 4391 restitimus.
1107 4317 1262 4392 Factum
1286 4335 1351 4392 est.
1367 4315 1462 4392 Erutt
1486 4317 1539 4396 ibi
1563 4321 1694 4394 iuvenis
1715 4316 1936 4415 paraliticus
1959 4321 2179 4402 nuticanus3

478 4511 481 4516 .
509 4440 580 4516 troc
607 4441 732 4511 audito
755 4447 878 4537 petiuit
904 4471 931 4517 a
951 4441 1171 4540 parendum
1192 4448 1288 4536 mis,
1316 4461 1357 4520 ut
1381 4443 1483 4520 tttuo
1507 4445 1564 4518 ad
1585 4473 1666 4524 etun
1684 4449 1800 4524 torrem
1815 4461 1982 4522 sanctum
1999 4469 2073 4520 raon
2091 4475 2182 4524 cun·

510 4580 654 4640 ctarrur
677 4563 866 4666 efferrent.
884 4565 983 4666 Quo
1007 4593 1089 4642 cum
1101 4568 1242 4672 fuisset
1267 4572 1569 4666 «dmm,orarit,
1595 4587 1708 4673 utque
1730 4573 1817 4648 inde
1842 4579 2010 4654 continuo
2029 4574 2181 4674 pedibus

508 4697 584 4768 suis
607 4690 728 4766 saluus
754 4688 946 4764 decessit.

607 4815 664 4920 (c)
690 4817 820 4894 Lettcre
845 4818 1110 4894 Ecclesiastiche.
