4884 6692
1356 417 1457 539 32)

545 603 821 718 dragesimam
849 629 970 740 cosque
998 600 1091 688 ad.
1126 660 1135 679 .
1177 656 1185 675 ·
1221 653 1230 675 ·
1266 653 1275 676 ·
1309 422 1333 675 (ο
1366 648 1376 672 ·
1410 595 1608 682 Comwu'o
1637 593 1719 706 Qui
1763 597 2035 704 meditabibur·
2074 607 2226 699 Diaco-

545 739 622 826 ims
650 741 925 832 benedicamus

1018 1019 1236 1108 Dominico
1262 1021 1307 1104 in
1333 1018 1463 1106 rosus
1485 1015 1719 1130 palmorum

660 1165 753 1252 Post
781 1157 1108 1250 resurrectionem
1135 1155 1293 1246 lason
1316 1184 1410 1253 ante
1436 1190 1516 1249 sex
1544 1161 1631 1249 dies
1653 1163 1807 1276 pasche
1822 1165 2024 1253 Dominus
2048 1177 2219 1258 ventem

547 1303 764 1389 ierusalem
786 1307 972 1418 premisit
999 1301 1097 1390 duos
1125 1333 1182 1390 ex
1209 1300 1414 1418 discopub's
1440 1308 1525 1392 suis
1560 1323 1604 1389 ut
1630 1303 1877 1390 adducerem
1914 1311 1955 1391 ei
1980 1313 2144 1396 asinam
2179 1331 2217 1398 et

545 1792 1225 1818 ...........
1251 1747 1292 1820 ·,
1349 1795 1359 1816 .
1417 1757 1427 1788 ·
1482 1791 1493 1812 .
1549 1789 1560 1810 .
1617 1790 1627 1812 .
1684 1789 1694 1808 .
1744 1689 2218 1823 commoranti

413 1889 414 1896 ‘
544 1903 636 1956 cum
663 1873 847 1960 thesauro
876 1870 938 1986 (1)
966 1869 1128 1959 ecclesie
1157 1873 1197 1960 S.
1223 1871 1424 1989 sepulchri
1446 1870 1603 1987 lignum
1629 1867 1800 1983 mirifice
1827 1875 1960 1956 cnccis
1987 1903 2124 1960 secum
2151 1878 2218 1964 de·

525 2011 695 2127 serente
723 2045 817 2100 cum
841 2017 979 2128 peiore
1006 2013 1169 2104 ecclesie
1195 2018 1341 2100 nmmos
1369 2013 1485 2126 Syon
1511 2026 1550 2096 et
1576 2014 1721 2096 nouis
1753 2011 1903 2096 Oliveti
1937 2027 1978 2096 et
2022 2015 2217 2106 AboteS

545 2157 684 2239 Marie
713 2151 765 2237 tle
794 2151 983 2265 Iosaplm
1014 2171 1052 2238 et
1084 2153 1448 2271 congregationibus
1474 2180 1618 2238 catum
1639 2171 1731 2268 post
1757 2161 1998 2240 monacnum
2028 2176 2125 2240 ante
2153 2191 2215 2246 soae

540 2292 591 2376 lis
618 2289 738 2376 vado
765 2297 809 2375 in
840 2292 1094 2396 Betltoniam,
1112 2295 1182 2378 ubi
1207 2292 1391 2382 domtus
1418 2298 1630 2382 nneiozoit
1657 2296 1875 2382 Lazamm.
1903 2293 1998 2380 inde
2034 2299 2118 2410 ipse
2129 2294 2213 2411 sa*

544 2449 609 2518 cta
637 2438 811 2517 oratione
839 2449 879 2515 et
906 2437 976 2546 quei
1001 2461 1166 2520 comeo
1193 2453 1286 2521 sunt
1311 2431 1447 2522 ancleti
1469 2434 1749 2552 sollempnibus
1790 2436 1969 2522 vestibus
2009 2434 2210 2524 domineis

542 2577 726 2690 vestigiis
755 2573 974 2662 cerusalem
999 2591 1265 2674 revertentur.
1294 2579 1348 2668 lu
1377 2577 1618 2696 Patrzicrclm
1642 2579 1814 2662 Crctcem
1842 2575 2090 2664 domnicam
2120 2611 2212 2694 pros

539 2720 643 2831 priis
671 2721 856 2803 manibus
888 2731 1056 2829 portans
1084 2715 1259 2831 hymnos
1296 2733 1336 2802 et
1361 2720 1602 2835 antcpbonos
1628 2719 1913 2835 sollenmnitnte
1951 2741 2211 2837 congruentes

543 2874 628 2946 tom
654 2859 739 2972 ipse
767 2887 891 2976 queam
917 2853 993 2940 olii
1016 2853 1241 2942 &coruom
1266 2859 1352 2976 Qui
1366 2863 1411 2946 in
1427 2861 1644 2955 censalem
1670 2875 1881 2947 remanent
1898 2860 2089 2948 videlicet
2116 2893 2207 2948 eom

539 3019 688 3091 ventus
717 3000 910 3087 domim'ci
934 2997 1112 3114 sepulcri
1144 3015 1184 3084 et
1219 3006 1352 3087 sonti
1383 3005 1542 3087 toonm's
1578 2999 1783 3114 hospitate
1820 3019 1858 3086 et
1895 3019 2033 3090 sancte
2073 3011 2210 3094 morie

540 3153 685 3240 Lmne
714 3166 752 3234 et
778 3148 924 3231 montis
950 3167 1057 3256 syon
1084 3139 1144 3225 acl
1167 3143 1359 3260 templum
1381 3140 1536 3228 donini
1560 3144 1802 3226 convertus
1828 3171 1922 3226 cnm
1949 3149 2061 3230 omni
2089 3178 2209 3264 popu·

541 3293 588 3376 lo.
617 3290 686 3376 Ibi
712 3319 814 3374 unus
843 3307 900 3374 etc
928 3285 1120 3397 episeopis
1155 3300 1194 3368 et
1220 3287 1259 3369 si
1283 3315 1364 3371 non
1373 3280 1515 3398 fuerit
1548 3287 1752 3400 episeopus
1781 3289 1897 3400 prim
1937 3285 2114 3400 preelecti
2146 3320 2208 3374 se-

541 3429 677 3544 pulcri
712 3430 783 3513 vel
817 3428 998 3537 subprior
1044 3439 1114 3507 atu
1161 3455 1265 3510 unus
1310 3456 1367 3513 ex
1403 3431 1618 3515 maioribus
1665 3427 1728 3514 vel
1762 3425 2067 3512 eodonndanns
2114 3434 2212 3547 quia

541 3571 615 3658 ille
661 3566 886 3670 ebdomada
931 3574 1115 3676 comunis
1142 3585 1201 3656 est
1227 3586 1265 3654 et
1292 3567 1421 3655 altera
1446 3599 1625 3688 sequens.
1653 3569 1845 3657 Similiter
1889 3576 2067 3658 cononis
2096 3591 2132 3656 ct
2161 3573 2212 3660 cle

538 3713 809 3825 pentecbostes
838 3717 1016 3810 comomis
1044 3731 1083 3796 et
1110 3712 1161 3798 de
1188 3715 1400 3799 nativitate
1427 3693 1611 3796 emoto
1637 3715 1822 3796 commn‘s.
1834 3740 1956 3824 super
1966 3712 2100 3827 stores
2123 3715 2212 3826 pol-

544 3881 706 3936 marum
734 3873 771 3938 et
799 3882 934 3939 raneos
962 3852 1166 3939 clivorum
1177 3849 1294 3968 facit
1328 3847 1638 3938 benedictionem
1675 3848 1771 3938 inde
1815 3880 1961 3936 omnes.
1992 3850 2214 3965 procedunt

543 4013 792 4084 occurrentes
820 4000 935 4091 ,cruci
962 3992 1158 4079 domcm'ce
1200 3999 1245 4078 in
1272 3989 1386 4093 valle
1413 3993 1605 4111 iosaphat.
1634 3993 1851 4109 Postquam
1877 4021 2015 4080 omnes
2051 3991 2148 4078 binc
2176 4009 2212 4074 et

545 4135 655 4220 ilinc
683 4144 927 4224 contremunt
953 4135 1150 4221 oromatis
1173 4138 1487 4249 processionibus
1515 4135 1648 4220 electis
1661 4137 1789 4219 sociis.
1817 4150 1985 4251 quattton
2001 4149 2073 4216 atet
2092 4138 2205 4248 quina

542 4309 619 4392 qm
645 4277 934 4394 ab'qzmnmlum
962 4293 1054 4380 ome
1082 4251 1182 4361 alios
1204 4271 1435 4388 procedunt·
1463 4287 1603 4361 canton
1629 4277 1768 4386 incipit
1809 4271 2081 4387 antepltonam
2117 4271 2203 4356 Ave

540 4447 609 4504 rex
637 4438 798 4526 noster,
825 4438 866 4503 et
910 4439 1042 4538 postea
1070 4421 1155 4540 ipse
1192 4432 1231 4520 et
1258 4415 1356 4500 socii
1380 4415 1465 4498 eius
1492 4429 1531 4498 et
1558 4444 1694 4500 omnes
1715 4421 1873 4529 pariter
1901 4416 2115 4531 flectentes
2140 4441 2209 4526 ge-

643 4901 702 5006 (ι)
727 4901 817 5004 Lege
848 4897 1109 4978 Thesaurarim
