4870 6630
1063 637 1086 753 'i
1113 639 1214 754 lo)

214 881 219 892 -
279 851 366 936 ‘qne
383 853 423 910 ,a
454 819 636 902 Diacono
666 807 868 896 cantando
896 805 1004 891 banc
1023 809 1338 895 benedictionem
1351 807 1605 895 benedicitur.
1627 811 1793 898 Exultat
1808 823 1888 904 iam
1907 851 1972 906 an-

293 962 414 1077 gelica
447 959 569 1042 turba.
601 957 694 1039 Post
723 951 803 1034 bec.
805 967 956 1062 parata
971 957 1223 1060 processione
1244 953 1472 1037 arcbicltori
1488 960 1568 1039 sint
1584 963 1725 1071 parati
1752 957 1903 1044 oadwtt
1919 961 1979 1045 ad

268 1202 272 1213 Ι
280 1103 425 1215 sonus
455 1096 657 1186 cantando
687 1097 893 1204 letaniam.
925 1093 1080 1208 Quibus
1101 1095 1319 1178 benedictis
1333 1097 1571 1206 patriarcba
1589 1100 1765 1211 baptizat
1784 1106 1973 1184 nnumin

282 1241 454 1357 fantem
462 1259 692 1357 ceterosque
705 1232 1056 1324 decanus.Deinde
1076 1251 1324 1318 revertentes
1333 1238 1377 1314 in
1386 1233 1551 1319 eborum
1565 1243 1798 1323 reiterantes
1808 1242 1977 1324 brevem

294 1389 499 1472 letaniam.
535 1385 629 1500 Qua
642 1380 773 1496 finita
800 1379 994 1490 incipiunt
1022 1373 1252 1458 archiclwri
1277 1379 1376 1462 kirie
1402 1381 1560 1467 eleison,
1587 1384 1787 1466 Domrnrrs
1801 1375 1997 1500 patriar(

221 1619 226 1628 ,
288 1531 374 1614 ata
402 1529 583 1612 Gloria
574 1557 614 1608 111
644 1521 806 1606 excelsis
834 1519 933 1600 Deo.
968 1512 1141 1600 Collecta
1190 1553 1281 1602 cum
1319 1520 1505 1606 dominus
1543 1525 1770 1609 vobiscum..
1809 1530 1976 1612 Orcmru

297 1675 408 1757 Deus
437 1673 509 1784 qui
537 1669 637 1750 hanc
664 1663 961 1748 sacratissimam
990 1677 1166 1741 noctem..
1203 1663 1383 1774 Epistola
1411 1663 1470 1744 ad
1493 1627 1785 1750 Cbolosicnses.
1814 1667 1856 1749 Si
1885 1695 1974 1751 con

299 1781 520 1898 surrexistis
549 1838 643 1892 cum
671 1803 840 1888 Christo.
870 1801 1054 1904 Alleluia.
1084 1793 1348 1892 Confiremtai
1362 1804 1469 1920 quod
1480 1808 1531 1887 ab
1552 1806 1643 1890 acci
1637 1808 1709 1888 u'lc
1705 1839 1799 1891 roris
1812 1809 1976 1920 festive

300 1967 494 2038 cantatur.
526 1951 569 2035 T
564 1962 660 2030 roct
689 1941 866 2028 Laudare
890 1941 1107 2031 dominum
1128 1974 1266 2028 omnes
1295 1969 1436 2058 gentes.
1456 1947 1730 2060 Euangebum
1759 1951 1977 2034 secundum

309 2073 466 2180 Manli
486 2116 643 2199 vespere
663 2105 805 2166 autem
834 2081 992 2196 sabbati
1021 2117 1110 2200 que.
1139 2083 1272 2168 Credo
1301 2091 1342 2168 in
1372 2119 1499 2170 unum
1520 2086 1654 2171 ›deum
1683 2108 1822 2204 etpost
1851 2090 1980 2177 domi-

298 2263 371 2319 nus
401 2231 606 2314 vobiscum
634 2254 798 2310 oremus
827 2230 915 2308 sine
945 2227 1154 2343 offlrtorio.
1187 2229 1401 2342 Preplzalio
1428 2230 1464 2310 T
1464 2261 1486 2313 e
1522 2229 1690 2343 quidem
1729 2240 1840 2317 omni
1875 2257 1979 2318 tem-

297 2403 392 2491 pore
430 2367 502 2456 sed
531 2373 573 2454 in
598 2386 687 2483 post
716 2369 890 2453 Sanctus.
929 2367 1266 2473 comunicantes,
1309 2371 1407 2454 hanc
1449 2375 1579 2485 igitur.
1627 2379 1804 2489 sequitur
1845 2381 1978 2492 itaque

297 2533 399 2604 uun
449 2543 586 2598 canon
627 2516 749 2595 misse
778 2528 816 2593 et
844 2505 960 2596 Pater'
998 2533 1144 2596 noster.
1164 2531 1208 2594 et
1247 2543 1324 2623 pax
1353 2509 1516 2596 domini.
1559 2512 1695 2626 Agnus
1723 2509 1789 2596 dei
1818 2545 1898 2596 non
1918 2512 1977 2595 di-

300 2668 431 2761 citur‚
460 2682 534 2740 nec
558 2657 674 2767 pacis
703 2653 882 2738 osanam
912 2651 1034 2737 datur
1060 2685 1135 2738 nee
1164 2654 1344 2736 comunio
1374 2648 1527 2734 dictur.
1558 2651 1701 2734 Statim
1728 2647 1867 2763 incipit
1886 2681 1979 2734 can-

300 2819 361 2886 tor
403 2796 571 2881 alleluia.
601 2793 795 2882 Laudato,
822 2793 1036 2908 domicum
1064 2823 1202 2880 omnes
1251 2814 1384 2910 gentes
1407 2824 1506 2878 cum
1545 2789 1683 2882 Gloria
1723 2809 1761 2874 ct
1781 2824 1844 2894 ,eo
1877 2789 1980 2878 dicto

292 2941 453 3027 aiicboet
482 2936 632 3058 amipli.
662 2964 822 3048 vespere
850 2957 981 3020 autem
1002 2939 1162 3023 sabbati.
1180 2938 1284 3021 Psal.
1313 2932 1539 3052 magnificat
1557 2965 1649 3017 cum
1669 2933 1817 3016 Gloria.
1837 2935 1980 3049 infine

298 3080 446 3194 amipb.
476 3108 556 3164 non
570 3078 628 3194 fit
655 3075 827 3182 iubilus,
865 3082 1043 3195 sequitur
1063 3083 1334 3190 postcomunio
1362 3080 1555 3190 Spiritum
1597 3078 1711 3160 nobis
1749 3074 1913 3159 domine
1941 3096 1980 3160 et

299 3220 448 3305 dicitur
473 3253 502 3314 a
531 3221 713 3316 Dracono
742 3218 795 3300 ite
824 3222 948 3320 missa
970 3241 1037 3304 est.
1069 3220 1170 3304 Item
1198 3221 1359 3302 sabbato
1394 3237 1532 3308 sancto
1571 3218 1708 3332 vigilia
1739 3217 1891 3300 Pascite
1929 3219 1981 3300 le·
2082 3251 2088 3268 ·

297 3366 446 3452 ctiones
473 3363 560 3444 sine
588 3357 698 3446 a'tata
726 3357 938 3474 taguma,
967 3377 1005 3440 et
1048 3363 1248 3447 orationes
1276 3365 1362 3445 sine
1406 3360 1643 3450 salutatione
1688 3357 1876 3442 dicuntur
1903 3391 1977 3476 que

295 3505 596 3592 cotbecunwnos
640 3497 699 3583 ad
732 3499 974 3611 baptismum
1001 3503 1200 3584 instruunt
1232 3523 1275 3587 et
1306 3521 1518 3616 propterea
1553 3531 1623 3584 ecs
1651 3504 1746 3600 sinev
1774 3498 1886 3586 titulo
1923 3503 1975 3588 le·

294 3665 446 3760 guntm
472 3653 586 3730 cives
613 3647 723 3726 enim
751 3641 966 3726 iemsalem
1001 3641 1183 3727 nondum
1210 3662 1488 3756 cognoscenter
1537 3642 1718 3728 divinum
1755 3650 1980 3729 nn'sterium

298 3803 478 3870 auctores
507 3786 594 3870 ideo
621 3788 927 3909 scrrpmrarum.
1042 3850 1051 3866 .
1195 3848 1204 3864 .
1327 3847 1337 3865 .
1452 3848 1460 3865 .
1576 3848 1585 3866 .
1715 3851 1724 3870 .
1836 3854 1849 3872 .
1968 3861 1979 3882 ,
2057 3724 2199 3917 χρῶμ’.
2230 3771 2326 3872 ἕῖί.

809 3925 927 4040 .1·()
962 3925 1032 4012 Ad
1056 3931 1225 4010 missam
1249 3942 1339 4038 post
1382 3924 1599 4038 epistolam
1629 3927 1774 4043 legitur
1820 3931 1979 4017 alleluia

285 4037 567 4172 'corilitemini‚
584 4085 729 4189 postea
757 4073 939 4186 sequitur
966 4085 1117 4152 tractus
1145 4071 1215 4182 qui
1240 4101 1268 4152 a
1296 4071 1457 4150 comuni
1485 4066 1603 4149 cboro
1632 4087 1817 4151 cantatur
1833 4073 1982 4156 scrbcet

298 4209 461 4296 bordne
491 4208 699 4292 dominum
727 4206 898 4311 Alleluia
927 4240 1028 4292 vero
1057 4211 1108 4290 ab
1136 4205 1385 4291 acnffctoas
1412 4222 1579 4290 tantum.
1600 4207 1771 4294 interim
1791 4207 1982 4296 diaconus

304 4386 398 4440 cam
426 4356 624 4466 ministris
653 4354 737 4456 suis
773 4347 956 4434 ascendit
974 4348 1180 4464 pulpitum
1207 4347 1269 4432 ad
1300 4346 1518 4463 legendum
1565 4348 1822 4466 evangelium
1845 4385 1982 4467 prece·

306 4493 425 4579 dente
453 4491 621 4580 turibulo
641 4509 679 4574 et
706 4507 821 4581 reatu
848 4494 935 4575 sine
965 4487 1219 4594 candelabris
1246 4489 1323 4576 sed
1346 4489 1574 4576 tantumodo
1602 4500 1806 4612 tymiama
1835 4497 1909 4583 vel
1922 4503 2005 4578 in·-

303 4667 467 4774 rensron
515 4639 839 4746 aromaticatum
879 4632 1029 4740 scilicet
1071 4648 1237 4757 propter
1269 4631 1784 4766 ,nntb'erumbbnitatrcnem
1817 4670 1981 4726 aroma·

1595 4835 1983 4860 W—

404 4932 462 5035 (r)
487 4935 589 5028 Quod
613 4937 770 5022 Ιεείίοῃω
794 4938 829 5015 in
854 4939 1004 5018 sabbato
1027 4951 1140 5030 sancto
1159 4921 1233 5018 iine
1256 4937 1361 5020 titulo.
1381 4940 1527 5052 legantur
1559 4942 1643 5018 hanc
1681 4939 1775 5014 attat
1799 4935 1978 5022 curandus

1384 5099 1407 5179 7
