4914 6610
1262 520 1438 639 (192)

507 695 569 780 Ne
603 699 723 814 igitur
752 723 898 808 aquam
927 691 1064 784 fodere
1096 691 1331 799 uideamur,
1360 690 2014 816 Episcoporumllielpbictenslum
2044 704 2184 786 seriem

505 873 526 924 a
557 837 711 924 saeculo
740 837 813 922 XI
833 839 1060 949 incipientes
1090 834 1283 920 dabimus.
1312 825 1434 945 Quod
1463 838 1495 917 si
1524 855 1730 940 extarent,
1759 866 1861 948 quae
1891 838 2019 922 multa
2048 837 2103 923 de
2124 841 2178 922 E,

510 984 680 1094 piscopis
709 977 850 1096 iisdem
879 1007 1036 1062 summa
1067 975 1298 1096 diligentia,
1327 1001 1366 1064 et
1395 976 1529 1062 labore
1557 977 1854 1094 collegeratVir
1874 979 2178 1086 eruditissimus,

503 1122 736 1232 Patriaeque
763 1137 803 1203 et
832 1123 953 1202 nostri
983 1119 1081 1204 olim
1110 1123 1402 1214 amantissimus
1432 1119 1565 1231 Cyrus,
1592 1121 1786 1208 Xarerius
1816 1123 2101 1227 Minervinius,
2117 1127 2174 1206 ui-.

459 1247 461 1253 ¹
502 1262 559 1351 hil
588 1265 750 1346 omnino
779 1261 979 1374 reliquum
1008 1262 1121 1345 nobis
1149 1259 1294 1348 fuisset.
1314 1261 1498 1348 Attamen
1518 1295 1612 1348 cum
1630 1268 1803 1375 optimae
1817 1267 1899 1378 spei
1924 1263 2177 1370 Adolescens,

438 1515 442 1522 1
509 1405 756 1518 litterisque,
785 1405 1031 1516 scientiisque
1060 1399 1218 1487 abunde
1246 1404 1426 1498 excultus
1457 1405 1598 1486 Petrus
1628 1385 1811 1489 lb'liolr'm
1838 1406 2030 1487 amicitiae
2046 1433 2174 1488 caussa

508 1546 623 1630 nobis
642 1543 928 1630 commodasset
950 1542 1174 1628 Lorndordr'
1186 1544 1404 1628 Historiam
1418 1539 1736 1624 adnotationibus
1765 1543 1917 1654 aliquot
1953 1537 2006 1622 ad
2036 1543 2176 1656 margi,

502 1718 570 1772 nes
598 1717 720 1771 manu
751 1688 1004 1773 Mrizervinii
1020 1683 1215 1796 scriptis,
1244 1716 1289 1769 ex
1321 1687 1367 1769 iis
1398 1679 1524 1763 multa
1553 1683 1844 1793 excerpsimus,
1883 1677 2007 1794 idque
2037 1680 2103 1764 vel
2132 1680 2176 1766 lia

508 1832 645 1916 beuter
674 1821 869 1930 fatemur,
897 1847 944 1941 nt
975 1824 1076 1908 Viro
1105 1824 1414 1936 praeclarissimo
1443 1821 1600 1907 debitus
1630 1825 1826 1907 tribuatur
1853 1821 1992 1904 honor.

616 1969 698 2079 Qui
726 1971 879 2080 primus
907 1969 949 2048 in
978 1965 1328 2078 Melpbiotensium
1358 1966 1587 2049 Antistitum
1617 1970 1713 2052 serie
1751 1965 1935 2048 scribitur
1952 1964 2178 2078 Episcopus

386 2151 388 2156 ·
503 2147 526 2198 a
558 2115 794 2222 Damione,
825 2128 864 2191 et
893 2110 1087 2220 quicum
1116 2129 1271 2190 secutus
1300 2129 1387 2211 est,
1415 2107 1676 2213 Lombardo,
1705 2131 1762 2193 est
1794 2105 2018 2194 Bulcluinus
2047 2109 2175 2190 nomiae

502 2287 571 2356 ne,
601 2251 813 2366 Uglrellio‚
842 2271 889 2332 ut
917 2247 1085 2351 dieunt,
1116 2253 1303 2364 ignotus,
1332 2271 1372 2334 et
1400 2251 1470 2364 qui
1499 2247 1734 2334 dedicationi
1762 2244 1958 2331 Ecclesiae
1985 2243 2023 2324 S.
2050 2245 2175 2329 Bene.

498 2393 595 2478 dicti
625 2395 666 2474 in
694 2391 832 2473 Monte
860 2389 1002 2474 Casino
1038 2390 1088 2473 ab
1119 2391 1355 2477 Alexandro
1383 2375 1426 2472 ῙΙ
1453 2421 1513 2473 an.
1544 2391 1751 2476 MLXXI
1785 2389 1971 2484 interfuit,
2000 2387 2089 2500 lpse
2118 2405 2175 2476 tea

501 2563 597 2618 men
625 2527 828 2641 compellit
857 2557 927 2612 nos
958 2532 1100 2612 veritas
1139 2531 1248 2614 lateri
1294 2555 1374 2615 non
1412 2532 1529 2616 illum
1560 2530 1923 2644 Melplu'ctensem,
1972 2525 2043 2614 sed
2069 2549 2174 2614 certe

496 2669 795 2782 Melphr‘ensem
829 2666 948 2750 finisse
980 2643 1241 2782 Episcopum.
1282 2655 1409 2757 Suum
1448 2676 1569 2788 igitur
1598 2672 1848 2784 Episcopum
1883 2667 2072 2782 Melplu'a
2110 2669 2174 2751 har

501 2809 602 2894 beat
630 2808 753 2918 Quod
781 2813 813 2892 si
842 2809 892 2893 ab
921 2787 1219 2924 Episcoporum
1240 2790 1586 2927 Melpbictensium
1616 2811 1745 2896 indice
1775 2807 1972 2894 radendus
2011 2808 2174 2896 Baldm

499 2981 608 3055 aruc,
635 2952 856 3068 subrogare·
878 2949 1011 3070 licebit
1039 2954 1179 3063 utique
1206 2951 1331 3039 alium
1350 2953 1606 3066 'Episcopum
1634 2956 1775 3036 nostris
1804 2951 2172 3066 ignotumscripto,

499 3093 642 3195 ribus,
671 3111 712 3174 et
740 3089 906 3207 quidem
938 3087 1137 3174 Balduino
1165 3075 1463 3204 antiquiorem,
1493 3099 1685 3185 Ioannem
1712 3093 1857 3178 scilicet
1885 3091 2003 3178 huius
2049 3099 2176 3179 nomia

503 3241 563 3319 uis
591 3235 623 3318 Ι.
652 3233 761 3338 Hie,
789 3235 861 3346 qni
891 3229 1217 3343 Metropolitanae
1245 3214 1423 3318 Berensis
1451 3234 1648 3326 Ecclesiae
1677 3234 1878 3318 Tabularii
1917 3225 2000 3315 fide
2020 3233 2174 3321 tantum

498 3381 680 3490 primum
707 3374 820 3460 nobie
849 3376 1091 3473 innotuerat,
1122 3372 1237 3483 plena
1266 3374 1344 3458 fuit
1371 3372 1461 3458 luce
1489 3378 1641 3487 positus
1670 3374 1830 3467 fortuita
1869 3375 2036 3466 lectione
2077 3377 2174 3487 Epi·

500 3517 679 3614 arelate-,a
707 3514 773 3618 (11,ἱ
789 3514 1003 3624 Dominicis
1040 3511 1143 3615 Tute
1173 3514 1302 3632 Italico
1337 3520 1503 3628 scriptae
1532 3513 1653 3630 (Del
1683 3516 1821 3624 Monte
1849 3515 2019 3616 Volture
2048 3513 2171 3628 Neap.

499 3657 734 3744 Simonianis
763 3659 867 3767 typis
895 3652 1103 3763 impressae
1131 3686 1191 3736 an.
1221 3657 1529 3764 MDCCLXX
1527 3660 1578 3744 V
1571 3656 1677 3771 lit).
1697 3657 1858 3760 Bullam
1887 3655 1941 3740 ibi
1965 3656 2167 3772 legimns,
2234 3681 2238 3687 ·

500 3833 624 3915 quam
652 3804 694 3882 in
722 3797 882 3883 Barensi
912 3799 1086 3888 archivo
1114 3804 1258 3882 serrari
1287 3795 1499 3902 adfirmat,
1527 3820 1568 3882 et
1595 3803 1707 3882 cuius
1736 3797 2004 3911 esenapluma
2023 3793 2167 3880 doctis-

501 3936 635 4044 simo,
665 3961 760 4022 tunc
790 3941 978 4050 temporis
1008 3935 1188 4022 Berensis
1217 3937 1414 4024 Ecclesiae
1441 3939 1659 4042 Canopico,
1690 3938 1834 4025 deinde
1878 3943 2049 4047 Uritano
2078 3935 2175 4048 Epis

501 4065 618 4194 scopo
649 4075 891 4168 Alexandro
922 4077 1158 4192 Italephoto.
1175 4086 1362 4192 accepisse
1393 4081 1543 4163 fatetur.
1573 4081 1690 4164 Bulla
1719 4081 1812 4173 baec
1841 4077 2000 4194 (quam
2019 4075 2070 4162 ad
2097 4074 2173 4172 cale

503 4251 590 4326 cem
627 4225 821 4336 integram
858 4203 1080 4337 dabimus)
1110 4225 1378 4305 testimonium
1422 4217 1554 4312 reddit
1593 4225 1888 4306 consecrationis
1928 4221 2088 4306 Iouernis
2130 4217 2172 4296 in

372 4465 375 4472 ‚
499 4359 545 4448 Μ
553 4358 833 4472 elpl'rictensem
862 4355 1111 4497 Episcopum
1140 4391 1162 4443 a
1195 4359 1366 4449 lli'coiao
1388 4361 1690 4488 Arclu'episoopo
1719 4367 1947 4450 Catauinae
1965 4357 2171 4451 Ecclesiae

498 4722 541 4796 de
566 4721 746 4821 lldplricto
771 4720 938 4796 silentium
961 4748 1103 4824 ,eoque
1127 4725 1212 4799 inter
1237 4723 1421 4821 Taunum,
1450 4739 1481 4818 et
1504 4728 1713 4802 Iureuecium
1737 4729 1846 4802 eredit
1879 4731 1957 4804 urbs
1989 4735 2061 4832 sit,
2105 4745 2181 4818 tute

497 4848 667 4935 addensari
692 4852 814 4956 poterit
840 4907 851 4951 ,
878 4849 1098 4948 Melpbictum
1119 4831 1202 4942 ‘tunc
1228 4851 1384 4972 temporis
1409 4877 1508 4946 suum
1534 4851 1684 4932 imbuisse
1709 4857 1930 4973 Episcopum,
