4870 6630
844 861 937 955 DE
977 871 1185 959 sAcno
1233 866 1405 960 IGNE

413 1179 669 1248 inaccessit
699 1183 1070 1254 ntenosonrrnrtnt
1110 1188 1364 1247 svsaruecar
1402 1191 1501 1248 omn
1541 1173 1822 1252 reseratorum

934 1451 1357 1536 resrtnoutn

282 1639 394 1809 ¹Ur
440 1743 489 1798 ne
536 1700 743 1811 fabulosa,
779 1707 845 1791 tel
874 1737 977 1821 quae
1005 1709 1279 1812 saeculorum,
1326 1737 1450 1825 quam
1495 1704 1666 1808 dicunt,
1710 1704 1962 1816 barbariem,
2040 1729 2045 1738 '

287 1855 507 1943 redolentia
536 1850 809 1956 existimentur
839 1879 1017 1965 ea‚quae
1047 1851 1090 1935 in
1116 1851 1342 1936 Barolitano
1370 1845 1520 1934 Codice
1547 1849 1772 1941 referuntur
1802 1854 1853 1943 de
1871 1865 1962 1976 igne

294 1998 455 2084 caelitus
483 1990 718 2078 descendere
734 1989 863 2094 ‚solito
890 1988 943 2074 ad
971 1987 1175 2102 lampades
1202 1993 1305 2073 intra
1342 1987 1407 2072 SS.
1437 1989 1528 2072 Iesu
1548 1987 1694 2079 Christi
1714 1996 1870 2082 domini
1889 2027 1958 2082 no-

288 2143 358 2224 stri
387 2123 614 2248 sepulcium
642 2128 858 2242 pendentes
887 2127 1177 2246 accendendaS‚
1207 2152 1296 2214 tum
1325 2151 1366 2216 et
1407 2129 1460 2215 de
1489 2135 1663 2238 ritibus,
1690 2139 1963 2244 orationibus,

287 2277 548 2392 precibusque
576 2272 649 2356 hac
676 2275 877 2356 occasione
905 2270 1084 2358 adhiberi
1125 2267 1248 2354 solitis
1287 2273 1328 2352 in
1357 2266 1528 2356 Sabbato
1555 2273 1597 2356 S·
1636 2272 1689 2356 ad
1726 2275 1963 2363 flectendam

284 2419 361 2503 Dei
391 2416 633 2529 potentiam,
662 2443 745 2529 uon
773 2417 968 2530 ingratam
996 2445 1082 2500 rem
1110 2412 1286 2497 facturos
1315 2407 1482 2494 eruditis
1510 2442 1635 2526 aeque
1662 2443 1707 2498 ac
1750 2417 1825 2526 piis
1863 2418 1963 2538 viris

282 2561 585 2660 existimamus,
614 2559 836 2639 testimonia
865 2577 947 2639 tam
975 2560 1136 2676 insignis
1164 2554 1337 2668 prodigii
1366 2549 1430 2636 hic
1459 2552 1726 2668 congerendo·
1746 2555 1836 2644 Nec
1861 2587 1958 2642 vero

277 2703 360 2783 sine
389 2699 511 2779 animi
541 2692 680 2778 dolore
707 2698 749 2778 in
777 2698 864 2808 ipso
892 2693 1040 2780 Codice
1069 2698 1197 2814 legere
1225 2696 1370 2801 licuit,
1399 2693 1464 2779 vel
1503 2696 1623 2778 etiam
1662 2716 1843 2808 tempore
1871 2727 1955 2812 quo

284 2817 352 2923 ille
383 2839 583 2950 scriptae,
613 2833 812 2949 quosdam
849 2837 1073 2924 incredulos
1109 2838 1239 2926 fuisse.
1269 2839 1385 2926 Istud
1415 2867 1537 2939 vero,
1575 2832 1688 2950 quod
1725 2858 1822 2922 tunc
1859 2859 1960 2924 tem·

278 2984 386 3091 poris
415 2977 541 3093 aliqui
570 2998 679 3060 erant
709 2999 790 3060 tam
819 2981 980 3094 insignis
1009 2983 1190 3066 miraculi
1218 2979 1450 3084 increduli,
1485 2977 1679 3083 testium,
1717 3000 1757 3062 et
1787 2982 1960 3066 maxime

283 3119 529 3203 oculatorum
558 3122 779 3202 testimonia
809 3115 1049 3224 confirmat,
1078 3115 1191 3234 quod
1220 3151 1300 3204 non
1329 3151 1377 3202 ex
1407 3120 1521 3236 vulgi
1550 3150 1739 3226 rumore,
1777 3143 1847 3206 ant
1873 3123 1960 3236 opi·

286 3267 406 3346 nione
434 3283 748 3374 praeoccupata,
777 3291 849 3346 nec
877 3257 1051 3375 deniqne
1081 3256 1315 3344 credulitate
1353 3289 1479 3363 caeca,
1518 3259 1587 3344 sed
1625 3258 1855 3374 aliquorum
1884 3275 1955 3374 po-

276 3405 356 3486 tius
385 3400 660 3486 incredulitate
688 3397 910 3505 admoniti,
953 3403 1223 3516 cautioresque
1238 3382 1403 3507 effecti,
1446 3433 1490 3486 re
1527 3402 1644 3514 plene
1681 3405 1861 3519 cognita,
1899 3431 1959 3489 ea·

279 3574 359 3658 que
388 3541 591 3647 discussa,
620 3545 893 3626 testimonium
922 3547 999 3656 ipsi
1026 3543 1181 3628 ferrent.

397 3681 550 3766 Clariss.
581 3683 797 3767 lllartenins
845 3682 912 3770 lib
944 3683 1005 3766 IV
1036 3682 1087 3769 de
1116 3683 1281 3800 Antiqu.
1310 3684 1417 3770 Eucl.
1447 3689 1508 3769 rit.
1538 3685 1633 3800 Cap.
1663 3683 1806 3770 XXIV
1843 3707 1967 3774 num·

277 3821 363 3924 IX,
395 3853 477 3934 qna
506 3823 655 3908 solebat
683 3813 885 3942 diligentia
893 3826 1052 3939 „plura
1081 3827 1152 3912 hac
1180 3827 1232 3913 de
1261 3861 1303 3914 re
1332 3828 1491 3948 collegit
1518 3831 1752 3914 testimonia.
1781 3825 1865 3912 Nos
1893 3829 1959 3922 hic

181 3999 183 4004 ·
284 3995 328 4048 ea
359 3957 571 4068 dabimus,
600 3986 688 4048 tum
718 3990 757 4050 et
784 3966 916 4081 aliqua
946 3973 1066 4054 etiam
1102 3967 1379 4080 supplebimus
1416 4004 1465 4056 ex
1494 3970 1721 4058 doctissimo
1764 3977 1965 4094 Papebro'

272 4101 392 4206 chio,
421 4107 492 4218 qui
521 4101 633 4188 aliud
661 4107 860 4223 agens,tle
888 4106 1121 4192 Patriarchis
1149 4110 1295 4196 scilicet
1315 4111 1687 4226 Hierosolymitanis
1701 4119 1953 4211 seribensno

226 4307 235 4328 .
273 4270 323 4324 va
354 4271 518 4356 qnoque
546 4242 718 4328 addidit·

387 4383 443 4466 Et
474 4387 653 4497 primum
683 4386 852 4500 quidem
880 4391 1141 4502 producimus
1169 4392 1420 4484 Bernardum
1455 4399 1699 4526 Monachum
1735 4399 1956 4508 Francum,

278 4526 390 4608 cuius
419 4524 671 4611 Itinerarium
701 4532 800 4614 eirca
829 4561 979 4617 annum
1009 4531 1272 4618 DCCCLXX
1300 4543 1492 4652 scriptum
1523 4538 1703 4658 vulgavit
1730 4541 1782 4626 cl·
1806 4541 1948 4628 Mabil·

271 4660 404 4780 lonius
432 4663 570 4779 (Sacc
599 4666 902 4755 111.‘Benedict.
930 4671 976 4754 T.
1005 4670 1182 4784 II.).Hic
1211 4677 1361 4763 scribit:
1389 4677 1646 4766 »Dicendum
1675 4679 1953 4798 autem,quod

280 4833 300 4880 n
337 4801 503 4890 Sabbato
529 4806 672 4894 Sancto
700 4841 815 4899 mane
843 4813 1022 4900 officium
1052 4815 1240 4928 incipitur
1268 4823 1310 4904 in
1338 4821 1533 4928 Ecclesia,
1561 4847 1601 4910 et
1629 4850 1719 4940 post
1747 4843 1950 4940 peractum

275 4971 296 5020 a
340 4943 515 5076 officium
542 4945 646 5040 luite
673 4953 818 5050 elet'son
845 4959 1026 5066 canitur,
1054 4956 1182 5050 donec
1210 4967 1392 5054 veniente
1429 4967 1569 5086 angelo
1608 4967 1745 5058 lumen
1783 4969 1826 5050 in
1853 4957 1955 5050 lam·
