<?xml version="1.0" encoding="UTF-8"?>
<!DOCTYPE html PUBLIC "-//W3C//DTD XHTML 1.0 Transitional//EN"
    "http://www.w3.org/TR/xhtml1/DTD/xhtml1-transitional.dtd">
<html xmlns="http://www.w3.org/1999/xhtml" xml:lang="en" lang="en">
 <head>
  <title>
</title>
<meta http-equiv="Content-Type" content="text/html;charset=utf-8" />
  <meta name='ocr-system' content='tesseract 3.04.00' />
  <meta name='ocr-capabilities' content='ocr_page ocr_carea ocr_par ocr_line ocrx_word'/>
</head>
<body>
  <div class='ocr_page' id='page_1' title='image "./kalendariaveter00giovgoog_0239.png"; bbox 0 0 4870 6630; ppageno 0'>
   <div class='ocr_carea' id='block_1_1' title="bbox 500 523 2174 986">
    <p class='ocr_par' dir='ltr' id='par_1_1' title="bbox 500 523 2164 962">
     <span class='ocr_line' id='line_1_1' title="bbox 1243 523 1419 645; baseline -0.028 -29"><span class='ocrx_word' id='word_1_1' title='bbox 1243 530 1260 645; x_wconf 92' lang='lat'>(</span> <span class='ocrx_word' id='word_1_2' title='bbox 1296 523 1419 642; x_wconf 81' lang='lat'><em>116)</em></span> 
     </span>
     <span class='ocr_line' id='line_1_2' title="bbox 601 689 2174 822; baseline -0.007 -29"><span class='ocrx_word' id='word_1_3' title='bbox 601 709 697 794; x_wconf 71' lang='lat' dir='ltr'><strong>Ant</strong></span> <span class='ocrx_word' id='word_1_4' title='bbox 723 703 866 822; x_wconf 80' lang='lat' dir='ltr'><strong>Magna</strong></span> <span class='ocrx_word' id='word_1_5' title='bbox 896 699 1058 814; x_wconf 79' lang='lat' dir='ltr'><strong>perfecit</strong></span> <span class='ocrx_word' id='word_1_6' title='bbox 1085 697 1329 784; x_wconf 87' lang='lat' dir='ltr'><strong>dominus</strong></span> <span class='ocrx_word' id='word_1_7' title='bbox 1318 726 1361 780; x_wconf 88' lang='lat' dir='ltr'><strong>rn</strong></span> <span class='ocrx_word' id='word_1_8' title='bbox 1404 695 1527 778; x_wconf 77' lang='lat' dir='ltr'><strong>marie</strong></span> <span class='ocrx_word' id='word_1_9' title='bbox 1554 689 1767 804; x_wconf 79' lang='lat' dir='ltr'><strong>virtutihus</strong></span> <span class='ocrx_word' id='word_1_10' title='bbox 1795 689 2010 814; x_wconf 77' lang='lat' dir='ltr'><strong>dorninurn</strong></span> <span class='ocrx_word' id='word_1_11' title='bbox 2049 700 2174 782; x_wconf 84' lang='lat' dir='ltr'><strong>conci-</strong></span> 
     </span>
     <span class='ocr_line' id='line_1_3' title="bbox 500 795 2174 986; baseline -0.005 -55"><span class='ocrx_word' id='word_1_12' title='bbox 500 843 677 962; x_wconf 90' lang='lat' dir='ltr'><strong>piendo:</strong></span> <span class='ocrx_word' id='word_1_13' title='bbox 708 842 756 928; x_wconf 87' lang='lat' dir='ltr'><strong>lit</strong></span> <span class='ocrx_word' id='word_1_14' title='bbox 782 865 908 927; x_wconf 85' lang='lat' dir='ltr'><strong>mater</strong></span> <span class='ocrx_word' id='word_1_15' title='bbox 936 841 1050 956; x_wconf 87' lang='lat' dir='ltr'><strong>plena</strong></span> <span class='ocrx_word' id='word_1_16' title='bbox 1079 841 1200 955; x_wconf 85' lang='lat' dir='ltr'><strong>gratia</strong></span> <span class='ocrx_word' id='word_1_17' title='bbox 1229 857 1269 924; x_wconf 93' lang='lat' dir='ltr'><strong>et</strong></span> <span class='ocrx_word' id='word_1_18' title='bbox 1296 838 1525 951; x_wconf 84' lang='lat' dir='ltr'><strong>imperatrix</strong></span> <span class='ocrx_word' id='word_1_19' title='bbox 1553 838 1666 920; x_wconf 86' lang='lat' dir='ltr'><strong>venie</strong></span> <span class='ocrx_word' id='word_1_20' title='bbox 1694 832 1880 986; x_wconf 84' lang='lat' dir='ltr'><strong>omnibus</strong></span> <span class='ocrx_word' id='word_1_21' title='bbox 1907 795 2174 967; x_wconf 81' lang='lat' dir='ltr'><strong>mihistrando.</strong></span> 
     </span>
    </p>
   </div>
   <div class='ocr_carea' id='block_1_2' title="bbox 503 977 2177 1275">
    <p class='ocr_par' dir='ltr' id='par_1_2' title="bbox 503 977 2164 1275">
     <span class='ocr_line' id='line_1_4' title="bbox 503 977 884 1072; baseline -0.016 0"><span class='ocrx_word' id='word_1_22' title='bbox 503 983 613 1072; x_wconf 87' lang='lat' dir='ltr'><strong>Psal.</strong></span> <span class='ocrx_word' id='word_1_23' title='bbox 645 977 884 1068; x_wconf 89' lang='lat' dir='ltr'><strong>Benedicite</strong></span> 
     </span>
     <span class='ocr_line' id='line_1_5' title="bbox 613 1094 2177 1275; baseline -0.003 -26"><span class='ocrx_word' id='word_1_24' title='bbox 613 1167 707 1249; x_wconf 84' lang='lat' dir='ltr'><strong>Ant.</strong></span> <span class='ocrx_word' id='word_1_25' title='bbox 737 1097 840 1270; x_wconf 85' lang='lat' dir='ltr'>Quia</span> <span class='ocrx_word' id='word_1_26' title='bbox 868 1164 998 1249; x_wconf 88' lang='lat' dir='ltr'><strong>tribus</strong></span> <span class='ocrx_word' id='word_1_27' title='bbox 1027 1161 1231 1254; x_wconf 86' lang='lat' dir='ltr'><strong>mensibus</strong></span> <span class='ocrx_word' id='word_1_28' title='bbox 1259 1094 1304 1275; x_wconf 54' lang='lat' dir='ltr'><strong>iii</strong></span> <span class='ocrx_word' id='word_1_29' title='bbox 1330 1161 1436 1243; x_wconf 89' lang='lat' dir='ltr'><strong>stetit</strong></span> <span class='ocrx_word' id='word_1_30' title='bbox 1465 1157 1667 1244; x_wconf 81' lang='lat' dir='ltr'>laboribus</span> <span class='ocrx_word' id='word_1_31' title='bbox 1696 1153 1928 1246; x_wconf 87' lang='lat' dir='ltr'><strong>Helisabeth</strong></span> <span class='ocrx_word' id='word_1_32' title='bbox 1957 1157 2177 1246; x_wconf 83' lang='lat' dir='ltr'><strong>subdendo:</strong></span> 
     </span>
    </p>
   </div>
   <div class='ocr_carea' id='block_1_3' title="bbox 502 1275 2177 1460">
    <p class='ocr_par' dir='ltr' id='par_1_3' title="bbox 502 1275 2177 1460">
     <span class='ocr_line' id='line_1_6' title="bbox 502 1275 2177 1460; baseline -0.002 -34"><span class='ocrx_word' id='word_1_33' title='bbox 502 1341 723 1428; x_wconf 84' lang='lat' dir='ltr'><strong>conserebat</strong></span> <span class='ocrx_word' id='word_1_34' title='bbox 750 1341 802 1432; x_wconf 83' lang='lat' dir='ltr'><strong>de</strong></span> <span class='ocrx_word' id='word_1_35' title='bbox 832 1343 1013 1460; x_wconf 80' lang='lat' dir='ltr'><strong>Angelo,</strong></span> <span class='ocrx_word' id='word_1_36' title='bbox 1042 1366 1082 1428; x_wconf 87' lang='lat' dir='ltr'><strong>et</strong></span> <span class='ocrx_word' id='word_1_37' title='bbox 1110 1339 1161 1428; x_wconf 92' lang='lat' dir='ltr'><strong>de</strong></span> <span class='ocrx_word' id='word_1_38' title='bbox 1187 1275 1393 1424; x_wconf 83' lang='lat' dir='ltr'><strong>voluntate</strong></span> <span class='ocrx_word' id='word_1_39' title='bbox 1422 1311 1606 1426; x_wconf 86' lang='lat' dir='ltr'><strong>misteriis</strong></span> <span class='ocrx_word' id='word_1_40' title='bbox 1640 1367 1721 1453; x_wconf 90' lang='lat' dir='ltr'><strong>que</strong></span> <span class='ocrx_word' id='word_1_41' title='bbox 1758 1295 1925 1452; x_wconf 83' lang='lat' dir='ltr'><strong>protulit</strong></span> <span class='ocrx_word' id='word_1_42' title='bbox 1962 1277 2177 1426; x_wconf 84' lang='lat' dir='ltr'><strong>salutando.</strong></span> 
     </span>
    </p>
   </div>
   <div class='ocr_carea' id='block_1_4' title="bbox 1149 1607 1430 1710">
    <p class='ocr_par' dir='ltr' id='par_1_4' title="bbox 1149 1607 1430 1710">
     <span class='ocr_line' id='line_1_7' title="bbox 1149 1607 1430 1710; baseline -0.021 0"><span class='ocrx_word' id='word_1_43' title='bbox 1149 1607 1152 1616; x_wconf 42' lang='lat'><strong>¹</strong></span> <span class='ocrx_word' id='word_1_44' title='bbox 1263 1621 1430 1710; x_wconf 74' lang='lat' dir='ltr'><strong>Ymrltm</strong></span> 
     </span>
    </p>
   </div>
   <div class='ocr_carea' id='block_1_5' title="bbox 503 1905 2180 2416">
    <p class='ocr_par' dir='ltr' id='par_1_5' title="bbox 503 1905 2178 2165">
     <span class='ocr_line' id='line_1_8' title="bbox 617 1905 2178 2024; baseline 0.004 -34"><span class='ocrx_word' id='word_1_45' title='bbox 617 1907 682 1990; x_wconf 92' lang='lat' dir='ltr'><strong>De</strong></span> <span class='ocrx_word' id='word_1_46' title='bbox 709 1936 817 1992; x_wconf 86' lang='lat' dir='ltr'><strong>sacro</strong></span> <span class='ocrx_word' id='word_1_47' title='bbox 848 1908 1098 1997; x_wconf 87' lang='lat' dir='ltr'><strong>tabernaculo</strong></span> <span class='ocrx_word' id='word_1_48' title='bbox 1127 1911 1326 1993; x_wconf 89' lang='lat' dir='ltr'><strong>virtutum</strong></span> <span class='ocrx_word' id='word_1_49' title='bbox 1354 1906 1430 1992; x_wconf 89' lang='lat' dir='ltr'><strong>flos</strong></span> <span class='ocrx_word' id='word_1_50' title='bbox 1457 1905 1675 2024; x_wconf 80' lang='lat' dir='ltr'><strong>egreditur:</strong></span> <span class='ocrx_word' id='word_1_51' title='bbox 1706 1911 1747 1994; x_wconf 90' lang='lat' dir='ltr'><strong>in</strong></span> <span class='ocrx_word' id='word_1_52' title='bbox 1778 1914 1924 1994; x_wconf 90' lang='lat' dir='ltr'><strong>montis</strong></span> <span class='ocrx_word' id='word_1_53' title='bbox 1943 1908 2178 1997; x_wconf 83' lang='lat' dir='ltr'><strong>diverticulo</strong></span> 
     </span>
     <span class='ocr_line' id='line_1_9' title="bbox 503 2048 991 2165; baseline -0.01 -30"><span class='ocrx_word' id='word_1_54' title='bbox 503 2048 603 2135; x_wconf 88' lang='lat' dir='ltr'><strong>odor</strong></span> <span class='ocrx_word' id='word_1_55' title='bbox 632 2053 755 2134; x_wconf 87' lang='lat' dir='ltr'><strong>marie</strong></span> <span class='ocrx_word' id='word_1_56' title='bbox 783 2053 991 2165; x_wconf 72' lang='lat' dir='ltr'><strong>spargitur.</strong></span> 
     </span>
    </p>

    <p class='ocr_par' dir='ltr' id='par_1_6' title="bbox 504 2189 2180 2416">
     <span class='ocr_line' id='line_1_10' title="bbox 619 2189 2180 2306; baseline 0.005 -32"><span class='ocrx_word' id='word_1_57' title='bbox 619 2193 684 2274; x_wconf 83' lang='lat' dir='ltr'><strong>Ex</strong></span> <span class='ocrx_word' id='word_1_58' title='bbox 713 2194 880 2276; x_wconf 85' lang='lat' dir='ltr'><strong>caritatis</strong></span> <span class='ocrx_word' id='word_1_59' title='bbox 908 2195 1083 2306; x_wconf 83' lang='lat' dir='ltr'><strong>germine</strong></span> <span class='ocrx_word' id='word_1_60' title='bbox 1112 2189 1326 2280; x_wconf 67' lang='lat' dir='ltr'><strong>helisabeth</strong></span> <span class='ocrx_word' id='word_1_61' title='bbox 1354 2192 1602 2303; x_wconf 85' lang='lat' dir='ltr'><strong>appropriat:</strong></span> <span class='ocrx_word' id='word_1_62' title='bbox 1621 2212 1661 2275; x_wconf 86' lang='lat' dir='ltr'><strong>et</strong></span> <span class='ocrx_word' id='word_1_63' title='bbox 1678 2195 1830 2304; x_wconf 88' lang='lat' dir='ltr'><strong>pietatis</strong></span> <span class='ocrx_word' id='word_1_64' title='bbox 1861 2189 2035 2282; x_wconf 88' lang='lat' dir='ltr'><strong>culmine</strong></span> <span class='ocrx_word' id='word_1_65' title='bbox 2052 2190 2180 2305; x_wconf 79' lang='lat' dir='ltr'><strong>ipsam</strong></span> 
     </span>
     <span class='ocr_line' id='line_1_11' title="bbox 504 2330 821 2416; baseline -0.006 0"><span class='ocrx_word' id='word_1_66' title='bbox 504 2330 649 2416; x_wconf 87' lang='lat' dir='ltr'><strong>devote</strong></span> <span class='ocrx_word' id='word_1_67' title='bbox 678 2334 821 2414; x_wconf 86' lang='lat' dir='ltr'><strong>visitat-</strong></span> 
     </span>
    </p>
   </div>
   <div class='ocr_carea' id='block_1_6' title="bbox 617 2446 2179 2599">
    <p class='ocr_par' dir='ltr' id='par_1_7' title="bbox 617 2446 2179 2599">
     <span class='ocr_line' id='line_1_12' title="bbox 617 2446 2179 2599; baseline 0 -5"><span class='ocrx_word' id='word_1_68' title='bbox 617 2509 767 2596; x_wconf 86' lang='lat' dir='ltr'><strong>Salutat</strong></span> <span class='ocrx_word' id='word_1_69' title='bbox 785 2539 938 2598; x_wconf 84' lang='lat' dir='ltr'><strong>servam</strong></span> <span class='ocrx_word' id='word_1_70' title='bbox 960 2510 1123 2599; x_wconf 85' lang='lat' dir='ltr'><strong>domina</strong></span> <span class='ocrx_word' id='word_1_71' title='bbox 1149 2446 1366 2598; x_wconf 86' lang='lat' dir='ltr'><strong>helisabeth</strong></span> <span class='ocrx_word' id='word_1_72' title='bbox 1393 2529 1563 2596; x_wconf 87' lang='lat' dir='ltr'><strong>matrem</strong></span> <span class='ocrx_word' id='word_1_73' title='bbox 1592 2509 1737 2596; x_wconf 88' lang='lat' dir='ltr'><strong>Christi</strong></span> <span class='ocrx_word' id='word_1_74' title='bbox 1766 2513 1958 2596; x_wconf 87' lang='lat' dir='ltr'><strong>nominat:</strong></span> <span class='ocrx_word' id='word_1_75' title='bbox 1979 2511 2179 2598; x_wconf 76' lang='lat' dir='ltr'><strong>confertur</strong></span> 
     </span>
    </p>
   </div>
   <div class='ocr_carea' id='block_1_7' title="bbox 507 2627 1363 2808">
    <p class='ocr_par' dir='ltr' id='par_1_8' title="bbox 507 2627 1363 2808">
     <span class='ocr_line' id='line_1_13' title="bbox 507 2627 1363 2808; baseline 0.004 -35"><span class='ocrx_word' id='word_1_76' title='bbox 507 2627 635 2776; x_wconf 84' lang='lat' dir='ltr'><strong>infans</strong></span> <span class='ocrx_word' id='word_1_77' title='bbox 664 2697 787 2808; x_wconf 84' lang='lat' dir='ltr'><strong>gratia</strong></span> <span class='ocrx_word' id='word_1_78' title='bbox 817 2716 985 2778; x_wconf 89' lang='lat' dir='ltr'><strong>matrem</strong></span> <span class='ocrx_word' id='word_1_79' title='bbox 1013 2629 1216 2807; x_wconf 79' lang='lat' dir='ltr'><strong>corriplcns</strong></span> <span class='ocrx_word' id='word_1_80' title='bbox 1244 2698 1363 2779; x_wconf 87' lang='lat' dir='ltr'><strong>satiat.</strong></span> 
     </span>
    </p>
   </div>
   <div class='ocr_carea' id='block_1_8' title="bbox 621 2806 2179 2984">
    <p class='ocr_par' dir='ltr' id='par_1_9' title="bbox 621 2806 2179 2984">
     <span class='ocr_line' id='line_1_14' title="bbox 621 2806 2179 2984; baseline 0.002 -31"><span class='ocrx_word' id='word_1_81' title='bbox 621 2872 688 2955; x_wconf 87' lang='lat' dir='ltr'><strong>En</strong></span> <span class='ocrx_word' id='word_1_82' title='bbox 717 2806 939 2958; x_wconf 72' lang='lat' dir='ltr'><strong>Chilitus</strong></span> <span class='ocrx_word' id='word_1_83' title='bbox 927 2878 1147 2959; x_wconf 85' lang='lat' dir='ltr'><strong>incarnatus</strong></span> <span class='ocrx_word' id='word_1_84' title='bbox 1175 2873 1357 2958; x_wconf 89' lang='lat' dir='ltr'><strong>nondum</strong></span> <span class='ocrx_word' id='word_1_85' title='bbox 1385 2892 1522 2955; x_wconf 84' lang='lat' dir='ltr'><strong>natura</strong></span> <span class='ocrx_word' id='word_1_86' title='bbox 1562 2868 1749 2984; x_wconf 84' lang='lat' dir='ltr'><strong>panditur</strong></span> <span class='ocrx_word' id='word_1_87' title='bbox 1786 2871 1862 2957; x_wconf 87' lang='lat' dir='ltr'><strong>hoc</strong></span> <span class='ocrx_word' id='word_1_88' title='bbox 1905 2871 2040 2960; x_wconf 89' lang='lat' dir='ltr'><strong>adorat</strong></span> <span class='ocrx_word' id='word_1_89' title='bbox 2084 2902 2179 2962; x_wconf 86' lang='lat' dir='ltr'><strong>curn</strong></span> 
     </span>
    </p>
   </div>
   <div class='ocr_carea' id='block_1_9' title="bbox 507 3007 1320 3132">
    <p class='ocr_par' dir='ltr' id='par_1_10' title="bbox 507 3007 1320 3132">
     <span class='ocr_line' id='line_1_15' title="bbox 507 3007 1320 3132; baseline 0.005 -40"><span class='ocrx_word' id='word_1_90' title='bbox 507 3007 655 3132; x_wconf 73' lang='lat' dir='ltr'><strong>gaudio</strong></span> <span class='ocrx_word' id='word_1_91' title='bbox 683 3017 755 3124; x_wconf 90' lang='lat' dir='ltr'><strong>qui</strong></span> <span class='ocrx_word' id='word_1_92' title='bbox 784 3034 921 3098; x_wconf 88' lang='lat' dir='ltr'><strong>ventre</strong></span> <span class='ocrx_word' id='word_1_93' title='bbox 950 3017 1085 3098; x_wconf 85' lang='lat' dir='ltr'><strong>matris</strong></span> <span class='ocrx_word' id='word_1_94' title='bbox 1112 3011 1320 3098; x_wconf 77' lang='lat' dir='ltr'><strong>clauditur.</strong></span> 
     </span>
    </p>
   </div>
   <div class='ocr_carea' id='block_1_10' title="bbox 620 3125 2177 3352">
    <p class='ocr_par' dir='ltr' id='par_1_11' title="bbox 620 3125 2177 3352">
     <span class='ocr_line' id='line_1_16' title="bbox 620 3125 2177 3352; baseline 0.005 -78"><span class='ocrx_word' id='word_1_95' title='bbox 620 3189 777 3275; x_wconf 88' lang='lat' dir='ltr'><strong>Clamat</strong></span> <span class='ocrx_word' id='word_1_96' title='bbox 803 3221 919 3279; x_wconf 84' lang='lat' dir='ltr'><strong>senex</strong></span> <span class='ocrx_word' id='word_1_97' title='bbox 948 3223 1042 3279; x_wconf 90' lang='lat' dir='ltr'><strong>cum</strong></span> <span class='ocrx_word' id='word_1_98' title='bbox 1070 3192 1199 3278; x_wconf 88' lang='lat' dir='ltr'><strong>iubilo</strong></span> <span class='ocrx_word' id='word_1_99' title='bbox 1228 3189 1369 3278; x_wconf 82' lang='lat' dir='ltr'><strong>videns</strong></span> <span class='ocrx_word' id='word_1_100' title='bbox 1395 3196 1517 3352; x_wconf 84' lang='lat' dir='ltr'><strong>marie</strong></span> <span class='ocrx_word' id='word_1_101' title='bbox 1546 3144 1742 3312; x_wconf 82' lang='lat' dir='ltr'><strong>gloriam:</strong></span> <span class='ocrx_word' id='word_1_102' title='bbox 1742 3125 1879 3280; x_wconf 86' lang='lat' dir='ltr'><strong>beata</strong></span> <span class='ocrx_word' id='word_1_103' title='bbox 1914 3193 2083 3282; x_wconf 90' lang='lat' dir='ltr'><strong>crederis</strong></span> <span class='ocrx_word' id='word_1_104' title='bbox 2111 3226 2177 3282; x_wconf 87' lang='lat' dir='ltr'><strong>an-</strong></span> 
     </span>
    </p>
   </div>
   <div class='ocr_carea' id='block_1_11' title="bbox 509 3329 1094 3442">
    <p class='ocr_par' dir='ltr' id='par_1_12' title="bbox 509 3329 1094 3442">
     <span class='ocr_line' id='line_1_17' title="bbox 509 3329 1094 3442; baseline 0.016 -31"><span class='ocrx_word' id='word_1_105' title='bbox 509 3329 598 3442; x_wconf 80' lang='lat' dir='ltr'><strong>gelo</strong></span> <span class='ocrx_word' id='word_1_106' title='bbox 628 3330 737 3420; x_wconf 87' lang='lat' dir='ltr'><strong>fuisti</strong></span> <span class='ocrx_word' id='word_1_107' title='bbox 766 3366 852 3420; x_wconf 86' lang='lat' dir='ltr'><strong>rem</strong></span> <span class='ocrx_word' id='word_1_108' title='bbox 884 3340 1094 3422; x_wconf 82' lang='lat' dir='ltr'><strong>veriticam.</strong></span> 
     </span>
    </p>
   </div>
   <div class='ocr_carea' id='block_1_12' title="bbox 629 3449 2181 3677">
    <p class='ocr_par' dir='ltr' id='par_1_13' title="bbox 629 3449 2181 3677">
     <span class='ocr_line' id='line_1_18' title="bbox 629 3449 2181 3677; baseline 0.008 -81"><span class='ocrx_word' id='word_1_109' title='bbox 629 3513 708 3600; x_wconf 91' lang='lat' dir='ltr'><strong>Hic</strong></span> <span class='ocrx_word' id='word_1_110' title='bbox 735 3537 867 3626; x_wconf 84' lang='lat' dir='ltr'><strong>stupet</strong></span> <span class='ocrx_word' id='word_1_111' title='bbox 895 3545 1031 3677; x_wconf 85' lang='lat' dir='ltr'><strong>rerunt¹</strong></span> <span class='ocrx_word' id='word_1_112' title='bbox 1059 3514 1195 3628; x_wconf 79' lang='lat' dir='ltr'><strong>regula</strong></span> <span class='ocrx_word' id='word_1_113' title='bbox 1223 3449 1436 3604; x_wconf 71' lang='lat' dir='ltr'><strong>nciiiiinurn</strong></span> <span class='ocrx_word' id='word_1_114' title='bbox 1465 3539 1621 3603; x_wconf 86' lang='lat' dir='ltr'><strong>mutans</strong></span> <span class='ocrx_word' id='word_1_115' title='bbox 1649 3518 1856 3606; x_wconf 90' lang='lat' dir='ltr'><strong>ordinem.</strong></span> <span class='ocrx_word' id='word_1_116' title='bbox 1885 3519 1957 3606; x_wconf 88' lang='lat' dir='ltr'><strong>ubi</strong></span> <span class='ocrx_word' id='word_1_117' title='bbox 1985 3518 2088 3608; x_wconf 87' lang='lat' dir='ltr'><strong>fiunt</strong></span> <span class='ocrx_word' id='word_1_118' title='bbox 2107 3530 2181 3608; x_wconf 84' lang='lat' dir='ltr'><strong>nri-</strong></span> 
     </span>
    </p>
   </div>
   <div class='ocr_carea' id='block_1_13' title="bbox 506 3691 1370 3806">
    <p class='ocr_par' dir='ltr' id='par_1_14' title="bbox 506 3691 1370 3806">
     <span class='ocr_line' id='line_1_19' title="bbox 506 3691 1370 3806; baseline 0.001 -28"><span class='ocrx_word' id='word_1_119' title='bbox 506 3691 638 3780; x_wconf 76' lang='lat' dir='ltr'><strong>recula</strong></span> <span class='ocrx_word' id='word_1_120' title='bbox 668 3724 739 3806; x_wconf 89' lang='lat' dir='ltr'><strong>per</strong></span> <span class='ocrx_word' id='word_1_121' title='bbox 766 3695 899 3779; x_wconf 83' lang='lat' dir='ltr'><strong>sol&#39;um&#39;</strong></span> <span class='ocrx_word' id='word_1_122' title='bbox 927 3695 1103 3780; x_wconf 78' lang='lat' dir='ltr'><strong>Ecclesia</strong></span> <span class='ocrx_word' id='word_1_123' title='bbox 1132 3695 1370 3804; x_wconf 87' lang='lat' dir='ltr'><strong>Principem.</strong></span> 
     </span>
    </p>
   </div>
   <div class='ocr_carea' id='block_1_14' title="bbox 535 3917 2174 3963">
    <p class='ocr_par' dir='ltr' id='par_1_15' title="bbox 535 3917 2174 3963">
     <span class='ocr_line' id='line_1_20' title="bbox 535 3917 2174 3963; baseline 0.013 -24"><span class='ocrx_word' id='word_1_124' title='bbox 535 3917 2174 3963; x_wconf 46' lang='lat' dir='ltr'><strong>,nn-*mm-</strong></span> 
     </span>
    </p>
   </div>
   <div class='ocr_carea' id='block_1_15' title="bbox 513 4059 2183 5053">
    <p class='ocr_par' dir='ltr' id='par_1_16' title="bbox 609 4059 1592 4164">
     <span class='ocr_line' id='line_1_21' title="bbox 609 4059 1592 4164; baseline 0.002 -30"><span class='ocrx_word' id='word_1_125' title='bbox 609 4060 666 4163; x_wconf 89' lang='grc' dir='ltr'><strong>(ι)</strong></span> <span class='ocrx_word' id='word_1_126' title='bbox 692 4059 800 4134; x_wconf 86' lang='lat' dir='ltr'><strong>Maria</strong></span> <span class='ocrx_word' id='word_1_127' title='bbox 1445 4062 1503 4164; x_wconf 85' lang='grc'><strong>(5)</strong></span> <span class='ocrx_word' id='word_1_128' title='bbox 1528 4063 1592 4136; x_wconf 87' lang='lat' dir='ltr'><strong>hec</strong></span> 
     </span>
    </p>

    <p class='ocr_par' dir='ltr' id='par_1_17' title="bbox 606 4187 1679 4294">
     <span class='ocr_line' id='line_1_22' title="bbox 606 4187 1679 4294; baseline 0.007 -34"><span class='ocrx_word' id='word_1_129' title='bbox 606 4187 662 4289; x_wconf 80' lang='lat' dir='ltr'><strong>(o)</strong></span> <span class='ocrx_word' id='word_1_130' title='bbox 687 4189 808 4291; x_wconf 88' lang='lat' dir='ltr'><strong>quibus</strong></span> <span class='ocrx_word' id='word_1_131' title='bbox 1450 4191 1507 4292; x_wconf 82' lang='lat'><strong>(6)</strong></span> <span class='ocrx_word' id='word_1_132' title='bbox 1531 4193 1643 4294; x_wconf 83' lang='lat' dir='ltr'><strong>ingens</strong></span> <span class='ocrx_word' id='word_1_133' title='bbox 1673 4197 1679 4208; x_wconf 87' lang='lat'>&#39;</span> 
     </span>
    </p>

    <p class='ocr_par' dir='ltr' id='par_1_18' title="bbox 515 4315 2183 4672">
     <span class='ocr_line' id='line_1_23' title="bbox 612 4315 1864 4419; baseline 0.005 -29"><span class='ocrx_word' id='word_1_134' title='bbox 612 4317 671 4418; x_wconf 82' lang='lat'><strong>(3)</strong></span> <span class='ocrx_word' id='word_1_135' title='bbox 699 4315 883 4394; x_wconf 83' lang='lat' dir='ltr'><strong>verborum</strong></span> <span class='ocrx_word' id='word_1_136' title='bbox 1445 4316 1503 4419; x_wconf 85' lang='lat'><strong>(7)</strong></span> <span class='ocrx_word' id='word_1_137' title='bbox 1528 4333 1560 4392; x_wconf 80' lang='lat' dir='ltr'><strong>et</strong></span> <span class='ocrx_word' id='word_1_138' title='bbox 1585 4319 1713 4418; x_wconf 84' lang='lat' dir='ltr'><strong>prolem</strong></span> <span class='ocrx_word' id='word_1_139' title='bbox 1738 4322 1864 4398; x_wconf 83' lang='lat' dir='ltr'><strong>baiulat</strong></span> 
     </span>
     <span class='ocr_line' id='line_1_24' title="bbox 611 4441 2183 4550; baseline 0.01 -36"><span class='ocrx_word' id='word_1_140' title='bbox 611 4441 670 4542; x_wconf 67' lang='lat'><strong>(4)</strong></span> <span class='ocrx_word' id='word_1_141' title='bbox 696 4455 837 4518; x_wconf 86' lang='lat' dir='ltr'><strong>mutum·</strong></span> <span class='ocrx_word' id='word_1_142' title='bbox 863 4443 986 4519; x_wconf 81' lang='lat' dir='ltr'><strong>audivit</strong></span> <span class='ocrx_word' id='word_1_143' title='bbox 1019 4444 1133 4546; x_wconf 83' lang='lat' dir='ltr'><strong>oloqui</strong></span> <span class='ocrx_word' id='word_1_144' title='bbox 1167 4445 1353 4544; x_wconf 73' lang='lat' dir='ltr'><strong>prophetin</strong></span> <span class='ocrx_word' id='word_1_145' title='bbox 1453 4443 1683 4548; x_wconf 59' lang='lat' dir='ltr'><strong>(mhi-itti</strong></span> <span class='ocrx_word' id='word_1_146' title='bbox 1674 4455 1854 4526; x_wconf 77' lang='lat' dir='ltr'><strong>incarnatio</strong></span> <span class='ocrx_word' id='word_1_147' title='bbox 1870 4479 1929 4550; x_wconf 86' lang='lat' dir='ltr'><strong>prr</strong></span> <span class='ocrx_word' id='word_1_148' title='bbox 1954 4457 2099 4532; x_wconf 86' lang='lat' dir='ltr'><strong>nondum</strong></span> <span class='ocrx_word' id='word_1_149' title='bbox 2124 4485 2183 4532; x_wconf 83' lang='lat' dir='ltr'><strong>na-</strong></span> 
     </span>
     <span class='ocr_line' id='line_1_25' title="bbox 515 4569 1885 4672; baseline 0.003 -28"><span class='ocrx_word' id='word_1_150' title='bbox 515 4573 638 4647; x_wconf 84' lang='lat' dir='ltr'><strong>domini</strong></span> <span class='ocrx_word' id='word_1_151' title='bbox 674 4569 716 4642; x_wconf 93' lang='lat' dir='ltr'><strong>dc</strong></span> <span class='ocrx_word' id='word_1_152' title='bbox 743 4571 876 4646; x_wconf 87' lang='lat' dir='ltr'><strong>Christo</strong></span> <span class='ocrx_word' id='word_1_153' title='bbox 907 4573 1105 4648; x_wconf 80' lang='lat' dir='ltr'><strong>declarando</strong></span> <span class='ocrx_word' id='word_1_154' title='bbox 1141 4573 1236 4672; x_wconf 83' lang='lat' dir='ltr'><strong>plura</strong></span> <span class='ocrx_word' id='word_1_155' title='bbox 1270 4574 1352 4649; x_wconf 83' lang='lat' dir='ltr'><strong>ridit</strong></span> <span class='ocrx_word' id='word_1_156' title='bbox 1401 4584 1473 4646; x_wconf 84' lang='lat' dir='ltr'><strong>lum</strong></span> <span class='ocrx_word' id='word_1_157' title='bbox 1500 4572 1678 4671; x_wconf 69' lang='lat' dir='ltr'><strong>pnuduurt</strong></span> <span class='ocrx_word' id='word_1_158' title='bbox 1706 4572 1794 4650; x_wconf 91' lang='lat' dir='ltr'><strong>hunc</strong></span> <span class='ocrx_word' id='word_1_159' title='bbox 1881 4583 1885 4589; x_wconf 81' lang='grc'><strong>’</strong></span> 
     </span>
    </p>

    <p class='ocr_par' dir='ltr' id='par_1_19' title="bbox 516 4696 1830 4800">
     <span class='ocr_line' id='line_1_26' title="bbox 516 4696 1830 4800; baseline 0.004 -31"><span class='ocrx_word' id='word_1_160' title='bbox 516 4696 558 4769; x_wconf 87' lang='lat' dir='ltr'><strong>de</strong></span> <span class='ocrx_word' id='word_1_161' title='bbox 578 4707 693 4796; x_wconf 73' lang='lat' dir='ltr'><strong>&#39;puero</strong></span> <span class='ocrx_word' id='word_1_162' title='bbox 733 4697 876 4770; x_wconf 86' lang='lat' dir='ltr'><strong>mirabili</strong></span> <span class='ocrx_word' id='word_1_163' title='bbox 921 4699 965 4772; x_wconf 84' lang='lat' dir='ltr'><strong>ab</strong></span> <span class='ocrx_word' id='word_1_164' title='bbox 998 4714 1093 4774; x_wconf 87' lang='lat' dir='ltr'><strong>utero</strong></span> <span class='ocrx_word' id='word_1_165' title='bbox 1129 4727 1355 4800; x_wconf 76' lang='lat' dir='ltr'><strong>percursoretn</strong></span> <span class='ocrx_word' id='word_1_166' title='bbox 1456 4696 1516 4800; x_wconf 82' lang='lat' dir='ltr'><strong>(9l</strong></span> <span class='ocrx_word' id='word_1_167' title='bbox 1540 4698 1672 4776; x_wconf 76' lang='lat' dir='ltr'><strong>berlum</strong></span> <span class='ocrx_word' id='word_1_168' title='bbox 1697 4702 1830 4786; x_wconf 69' lang='lat' dir='ltr'><strong>credens</strong></span> 
     </span>
    </p>

    <p class='ocr_par' dir='ltr' id='par_1_20' title="bbox 513 4823 1668 4926">
     <span class='ocr_line' id='line_1_27' title="bbox 513 4823 1668 4926; baseline 0 -26"><span class='ocrx_word' id='word_1_169' title='bbox 513 4823 675 4900; x_wconf 80' lang='lat' dir='ltr'><strong>vocando.</strong></span> <span class='ocrx_word' id='word_1_170' title='bbox 704 4823 805 4899; x_wconf 83' lang='lat' dir='ltr'><strong>Facta</strong></span> <span class='ocrx_word' id='word_1_171' title='bbox 830 4842 903 4925; x_wconf 86' lang='lat' dir='ltr'><strong>post</strong></span> <span class='ocrx_word' id='word_1_172' title='bbox 927 4828 1110 4898; x_wconf 85' lang='lat' dir='ltr'><strong>reverentia</strong></span> <span class='ocrx_word' id='word_1_173' title='bbox 1149 4853 1278 4907; x_wconf 74' lang='lat' dir='ltr'><strong>reversa</strong></span> <span class='ocrx_word' id='word_1_174' title='bbox 1303 4841 1349 4901; x_wconf 85' lang='lat' dir='ltr'><strong>cst</strong></span> <span class='ocrx_word' id='word_1_175' title='bbox 1450 4823 1531 4926; x_wconf 89' lang='grc' dir='ltr'>(ιο)</span> <span class='ocrx_word' id='word_1_176' title='bbox 1556 4839 1668 4900; x_wconf 79' lang='lat' dir='ltr'><strong>natura</strong></span> 
     </span>
    </p>

    <p class='ocr_par' dir='ltr' id='par_1_21' title="bbox 514 4949 1613 5053">
     <span class='ocr_line' id='line_1_28' title="bbox 514 4949 1613 5053; baseline 0.001 -28"><span class='ocrx_word' id='word_1_177' title='bbox 514 4951 556 5025; x_wconf 82' lang='lat' dir='ltr'><strong>ad</strong></span> <span class='ocrx_word' id='word_1_178' title='bbox 581 4952 716 5052; x_wconf 72' lang='lat' dir='ltr'><strong>propria</strong></span> <span class='ocrx_word' id='word_1_179' title='bbox 740 4953 846 5028; x_wconf 82' lang='lat' dir='ltr'><strong>maria</strong></span> <span class='ocrx_word' id='word_1_180' title='bbox 870 4949 1125 5050; x_wconf 83' lang='lat' dir='ltr'><strong>contemplando</strong></span> <span class='ocrx_word' id='word_1_181' title='bbox 1446 4953 1480 5053; x_wconf 88' lang='lat' dir='ltr'><strong>(r</strong></span> <span class='ocrx_word' id='word_1_182' title='bbox 1493 4953 1526 5052; x_wconf 88' lang='lat' dir='ltr'><strong>r)</strong></span> <span class='ocrx_word' id='word_1_183' title='bbox 1551 4950 1613 5026; x_wconf 89' lang='lat' dir='ltr'><strong>celi</strong></span> 
     </span>
    </p>
   </div>
   <div class='ocr_carea' id='block_1_16' title="bbox 0 0 2454 6628">
    <p class='ocr_par' dir='ltr' id='par_1_22' title="bbox 0 0 2454 6628">
     <span class='ocr_line' id='line_1_29' title="bbox 0 0 2454 6628; baseline 0 0"><span class='ocrx_word' id='word_1_184' title='bbox 0 0 2454 6628; x_wconf 95' lang='lat' dir='ltr'><strong> </strong></span> 
     </span>
    </p>
   </div>
  </div>
 </body>
</html>
