4914 6610
1221 546 1238 658 (
1274 544 1347 630 152
1379 546 1395 660 )

463 736 545 796 tam
574 709 780 824 Melphicti
808 712 954 818 fuisse,
982 715 1014 796 si
1045 732 1163 825 caput
1191 709 1449 796 solummodo
1478 714 1686 798 inventum
1718 711 1864 800 fuisset
1887 709 2001 801 Istud
2035 747 2137 834 quo·

445 885 554 968 .·qne
575 851 750 940 'mirifice
778 875 984 960 nostram,
1011 852 1064 939 de
1092 884 1172 968 qua
1201 883 1352 969 supra,
1380 857 1647 940 coniecturam
1674 852 1953 962 ooufirmabit,
1996 859 2143 961 scilieet

457 983 521 1078 ·in
549 992 793 1083 cathedralis
821 993 1018 1081 Eoclesiae
1046 993 1267 1112 Hypogaeo
1295 993 1339 1087 Β.
1368 1022 1513 1108 oorpus
1532 998 1666 1109 primo
1687 995 1986 1105 absconditum,
2001 1031 2051 1086 no
2066 1005 2147 1114 pio,

477 1156 524 1218 ut
552 1139 764 1251 dicebant,
793 1133 904 1226 furto
922 1203 934 1244 ‚
955 1135 1075 1254 quod
1104 1171 1149 1225 aa
1177 1158 1300 1226 aetate
1328 1161 1409 1219 uon
1438 1132 1670 1251 infrequens
1698 1158 1814 1243 erat,
1849 1146 2143 1254 surriperetun,

461 1280 635 1397 danique
691 1284 891 1368 occasione
920 1281 1152 1365 visitationis
1179 1280 1370 1394 Episcopi
1400 1273 1517 1368 Bovii
1550 1275 1810 1392 'quaesitum
1848 1303 1887 1368 et
1924 1284 2146 1383 inventum¹

467 1419 591 1530 Quod
618 1423 693 1506 nisi
722 1421 822 1507 urbs
850 1440 982 1505 nostra
1000 1417 1277 1507 dirissimama
1296 1419 1514 1509 Gallorum
1530 1427 1703 1510 exercitu
1726 1455 1830 1510 auno
1861 1421 2143 1524 MDxxvll,

465 1569 735 1682 direptionem
764 1593 873 1679 passa
902 1561 1040 1650 nisset
1068 1560 1142 1678 (1),
1170 1559 1287 1680 plura
1318 1557 1448 1649 forsan
1476 1587 1767 1671 monumenta,
1798 1561 1967 1652 adrem
1994 1563 2147 1670 melius,

478 1714 700 1826 certiusque
736 1701 1018 1812 statuendam,
1044 1703 1336 1818 superfuissent,
1364 1701 1500 1819 Atque
1527 1703 1621 1790 haec
1660 1733 1777 1820 quae
1805 1703 1858 1790 de
1885 1705 2056 1791 Patrono
2082 1736 2152 1796 no„

465 1868 548 1933 stro
575 1848 906 1963 praestantissimo
934 1847 1189 1959 scripsimus,
1217 1845 1356 1956 salva,
1390 1874 1493 1964 ,quae
1510 1843 1755 1962 Apostolicis
1782 1845 2140 1960 Constitutionibps

471 2015 510 2076 et
537 1991 575 2074 S.
603 1988 715 2076 Sedis
741 1975 940 2080 mandatis
966 1985 1162 2096 debetur,
1190 1993 1427 2095 reverentia,
1455 1989 1598 2110 scripta
1625 1989 1712 2094 sint,¹

464 4561 472 4572 ‚
557 4474 613 4576 (r)
638 4473 743 4562 Huius
768 4477 956 4582 direptionis
980 4479 1150 4570 historiam
1174 4483 1347 4587 desoripsit
1371 4485 1531 4586 Iosephus
1566 4486 1778 4563 Marinellius
1802 4514 1940 4590 eamque
1970 4430 2135 4586 ecaton·

452 4603 495 4674 sis
523 4602 714 4678 Monasterii
740 4607 773 4682 T
774 4606 922 4694 abulario
948 4607 1100 4707 vulgavit
1125 4611 1182 4687 Ci.
1212 4613 1356 4688 Alexim
1381 4614 1472 4692 aure
1484 4613 1549 4690 lius
1582 4613 1733 4692 Pelliccia
1765 4644 1801 4690 ε.-
1817 4615 1981 4705 Cronia-ht·
1998 4615 2050 4690 dei
2066 4617 2133 4687 Re-

457 4707 521 4852 '5110
545 4728 580 4804 n
605 4728 739 4844 napos,
768 4731 860 4807 ‘rom
886 4731 951 4816 ιν,
