<?xml version="1.0" encoding="UTF-8"?>
<!DOCTYPE html PUBLIC "-//W3C//DTD XHTML 1.0 Transitional//EN"
    "http://www.w3.org/TR/xhtml1/DTD/xhtml1-transitional.dtd">
<html xmlns="http://www.w3.org/1999/xhtml" xml:lang="en" lang="en">
 <head>
  <title>
</title>
<meta http-equiv="Content-Type" content="text/html;charset=utf-8" />
  <meta name='ocr-system' content='tesseract 3.04.00' />
  <meta name='ocr-capabilities' content='ocr_page ocr_carea ocr_par ocr_line ocrx_word'/>
</head>
<body>
  <div class='ocr_page' id='page_1' title='image "./kalendariaveter00giovgoog_0197.png"; bbox 0 0 4870 6630; ppageno 0'>
   <div class='ocr_carea' id='block_1_1' title="bbox 399 553 2212 3109">
    <p class='ocr_par' dir='ltr' id='par_1_1' title="bbox 1281 553 1430 673">
     <span class='ocr_line' id='line_1_1' title="bbox 1281 553 1430 673; baseline 0.007 -1"><span class='ocrx_word' id='word_1_1' title='bbox 1281 554 1299 672; x_wconf 88' lang='lat'>(</span> <span class='ocrx_word' id='word_1_2' title='bbox 1330 553 1430 673; x_wconf 71' lang='lat' dir='ltr'><strong>tl)</strong></span> 
     </span>
    </p>

    <p class='ocr_par' dir='ltr' id='par_1_2' title="bbox 522 719 2212 990">
     <span class='ocr_line' id='line_1_2' title="bbox 522 719 2212 844; baseline 0.004 -32"><span class='ocrx_word' id='word_1_3' title='bbox 522 759 548 814; x_wconf 65' lang='lat'><strong>⁴»</strong></span> <span class='ocrx_word' id='word_1_4' title='bbox 581 731 816 844; x_wconf 88' lang='lat' dir='ltr'><strong>stophorum</strong></span> <span class='ocrx_word' id='word_1_5' title='bbox 846 723 1047 843; x_wconf 83' lang='lat' dir='ltr'>Angelum</span> <span class='ocrx_word' id='word_1_6' title='bbox 1076 723 1128 811; x_wconf 86' lang='lat' dir='ltr'><strong>dc</strong></span> <span class='ocrx_word' id='word_1_7' title='bbox 1156 719 1351 812; x_wconf 87' lang='lat' dir='ltr'><strong>hodierno</strong></span> <span class='ocrx_word' id='word_1_8' title='bbox 1382 723 1631 812; x_wconf 88' lang='lat' dir='ltr'><strong>Graecorum</strong></span> <span class='ocrx_word' id='word_1_9' title='bbox 1667 742 1786 842; x_wconf 82' lang='lat' dir='ltr'><strong>statat-</strong></span> <span class='ocrx_word' id='word_1_10' title='bbox 1811 751 1899 838; x_wconf 89' lang='lat' dir='ltr'><strong>cap.</strong></span> <span class='ocrx_word' id='word_1_11' title='bbox 1936 727 2005 829; x_wconf 71' lang='lat' dir='ltr'><strong>da.</strong></span> <span class='ocrx_word' id='word_1_12' title='bbox 2032 748 2075 812; x_wconf 72' lang='lat' dir='ltr'><strong>r:</strong></span> <span class='ocrx_word' id='word_1_13' title='bbox 2109 727 2212 818; x_wconf 85' lang='lat' dir='ltr'><strong>Huc</strong></span> 
     </span>
     <span class='ocr_line' id='line_1_3' title="bbox 522 857 2177 990; baseline -0.009 -30"><span class='ocrx_word' id='word_1_14' title='bbox 522 883 541 960; x_wconf 80' lang='lat' dir='ltr'><strong>i&gt;</strong></span> <span class='ocrx_word' id='word_1_15' title='bbox 574 891 702 990; x_wconf 74' lang='lat' dir='ltr'><strong>usque</strong></span> <span class='ocrx_word' id='word_1_16' title='bbox 730 866 980 954; x_wconf 85' lang='lat' dir='ltr'><strong>doctissimus</strong></span> <span class='ocrx_word' id='word_1_17' title='bbox 1009 857 1193 984; x_wconf 83' lang='lat' dir='ltr'><strong>Ca&#39;ngius.</strong></span> <span class='ocrx_word' id='word_1_18' title='bbox 1388 873 1392 882; x_wconf 86' lang='lat'>&#39;</span> <span class='ocrx_word' id='word_1_19' title='bbox 1954 857 1957 864; x_wconf 73' lang='grc'><strong>’</strong></span> <span class='ocrx_word' id='word_1_20' title='bbox 2171 873 2177 884; x_wconf 88' lang='grc'><strong><em>’</em></strong></span> 
     </span>
    </p>

    <p class='ocr_par' dir='ltr' id='par_1_3' title="bbox 399 996 2198 3109">
     <span class='ocr_line' id='line_1_4' title="bbox 632 996 2198 1127; baseline -0.004 -27"><span class='ocrx_word' id='word_1_21' title='bbox 632 1013 673 1100; x_wconf 91' lang='grc' dir='ltr'><strong>Ν</strong></span> <span class='ocrx_word' id='word_1_22' title='bbox 681 1044 759 1098; x_wconf 92' lang='lat' dir='ltr'><strong>unc</strong></span> <span class='ocrx_word' id='word_1_23' title='bbox 780 1039 884 1097; x_wconf 45' lang='lat' dir='ltr'><strong>‘vero</strong></span> <span class='ocrx_word' id='word_1_24' title='bbox 911 1010 964 1095; x_wconf 89' lang='lat' dir='ltr'><strong>ad</strong></span> <span class='ocrx_word' id='word_1_25' title='bbox 993 1039 1037 1094; x_wconf 89' lang='lat' dir='ltr'><strong>ea</strong></span> <span class='ocrx_word' id='word_1_26' title='bbox 1066 1007 1422 1116; x_wconf 86' lang='lat' dir='ltr'><strong>descendendum,</strong></span> <span class='ocrx_word' id='word_1_27' title='bbox 1447 1003 1553 1124; x_wconf 56' lang='lat' dir='ltr'><strong>&#39;quae</strong></span> <span class='ocrx_word' id='word_1_28' title='bbox 1573 996 1634 1092; x_wconf 45' lang='lat' dir='ltr'><strong>&#39;de</strong></span> <span class='ocrx_word' id='word_1_29' title='bbox 1661 1000 1771 1093; x_wconf 80' lang='lat' dir='ltr'><strong>sacro</strong></span> <span class='ocrx_word' id='word_1_30' title='bbox 1799 1008 1875 1094; x_wconf 91' lang='lat' dir='ltr'><strong>hoc</strong></span> <span class='ocrx_word' id='word_1_31' title='bbox 1902 1005 1996 1127; x_wconf 84' lang='lat' dir='ltr'><strong>igne</strong></span> <span class='ocrx_word' id='word_1_32' title='bbox 2021 1009 2107 1096; x_wconf 88' lang='lat' dir='ltr'><strong>duo</strong></span> <span class='ocrx_word' id='word_1_33' title='bbox 2135 1036 2198 1106; x_wconf 63' lang='lat' dir='ltr'><strong>aa·</strong></span> 
     </span>
     <span class='ocr_line' id='line_1_5' title="bbox 513 1147 2195 1276; baseline -0.004 -27"><span class='ocrx_word' id='word_1_34' title='bbox 513 1152 638 1276; x_wconf 84' lang='lat' dir='ltr'><strong>signia&#39;</strong></span> <span class='ocrx_word' id='word_1_35' title='bbox 664 1152 892 1241; x_wconf 87' lang='lat' dir='ltr'><strong>Galliarum</strong></span> <span class='ocrx_word' id='word_1_36' title='bbox 922 1151 1167 1236; x_wconf 87' lang='lat' dir='ltr'><strong>Ornamenta</strong></span> <span class='ocrx_word' id='word_1_37' title='bbox 1195 1153 1350 1263; x_wconf 86' lang='lat' dir='ltr'><strong>scriptis</strong></span> <span class='ocrx_word' id='word_1_38' title='bbox 1393 1147 1634 1234; x_wconf 90' lang='lat' dir='ltr'><strong>mandarunt</strong></span> <span class='ocrx_word' id='word_1_39' title='bbox 1657 1153 1772 1255; x_wconf 86' lang='lat' dir='ltr'><strong>suis;</strong></span> <span class='ocrx_word' id='word_1_40' title='bbox 1800 1149 2091 1242; x_wconf 88' lang='lat' dir='ltr'><strong>eruditissimus</strong></span> <span class='ocrx_word' id='word_1_41' title='bbox 2120 1161 2195 1242; x_wconf 85' lang='lat' dir='ltr'><strong>sci·</strong></span> 
     </span>
     <span class='ocr_line' id='line_1_6' title="bbox 508 1279 2191 1413; baseline -0.001 -26"><span class='ocrx_word' id='word_1_42' title='bbox 508 1279 629 1407; x_wconf 76' lang='lat' dir='ltr'><strong>licet,</strong></span> <span class='ocrx_word' id='word_1_43' title='bbox 657 1317 697 1382; x_wconf 89' lang='lat' dir='ltr'><strong>et</strong></span> <span class='ocrx_word' id='word_1_44' title='bbox 725 1288 1037 1413; x_wconf 69' lang='lat' dir='ltr'><strong>quern³houoris</strong></span> <span class='ocrx_word' id='word_1_45' title='bbox 1065 1319 1199 1376; x_wconf 79' lang='lat' dir='ltr'><strong>caussa</strong></span> <span class='ocrx_word' id='word_1_46' title='bbox 1228 1296 1492 1396; x_wconf 75' lang='lat' dir='ltr'>nominamus,</span> <span class='ocrx_word' id='word_1_47' title='bbox 1512 1289 1763 1380; x_wconf 85' lang='lat' dir='ltr'><strong>Abrincensis</strong></span> <span class='ocrx_word' id='word_1_48' title='bbox 1790 1293 2016 1408; x_wconf 85' lang='lat' dir='ltr'><strong>Episcopus</strong></span> <span class='ocrx_word' id='word_1_49' title='bbox 2043 1297 2191 1384; x_wconf 83' lang='lat' dir='ltr'><strong>Daniel</strong></span> 
     </span>
     <span class='ocr_line' id='line_1_7' title="bbox 504 1422 2191 1552; baseline 0 -24"><span class='ocrx_word' id='word_1_50' title='bbox 504 1422 709 1545; x_wconf 79' lang='lat' dir='ltr'><strong>Huetius,</strong></span> <span class='ocrx_word' id='word_1_51' title='bbox 737 1458 778 1521; x_wconf 91' lang='lat' dir='ltr'><strong>et</strong></span> <span class='ocrx_word' id='word_1_52' title='bbox 805 1433 1059 1521; x_wconf 89' lang='lat' dir='ltr'><strong>doctissimus</strong></span> <span class='ocrx_word' id='word_1_53' title='bbox 1088 1429 1209 1516; x_wconf 89' lang='lat' dir='ltr'><strong>simul</strong></span> <span class='ocrx_word' id='word_1_54' title='bbox 1240 1451 1279 1516; x_wconf 90' lang='lat' dir='ltr'><strong>et</strong></span> <span class='ocrx_word' id='word_1_55' title='bbox 1308 1430 1360 1517; x_wconf 92' lang='lat' dir='ltr'><strong>de</strong></span> <span class='ocrx_word' id='word_1_56' title='bbox 1389 1463 1435 1516; x_wconf 87' lang='lat' dir='ltr'><strong>re</strong></span> <span class='ocrx_word' id='word_1_57' title='bbox 1461 1431 1713 1541; x_wconf 85' lang='lat' dir='ltr'><strong>Christiana,</strong></span> <span class='ocrx_word' id='word_1_58' title='bbox 1743 1457 1783 1521; x_wconf 90' lang='lat' dir='ltr'><strong>et</strong></span> <span class='ocrx_word' id='word_1_59' title='bbox 1812 1435 2018 1522; x_wconf 86' lang='lat' dir='ltr'><strong>Litteraria</strong></span> <span class='ocrx_word' id='word_1_60' title='bbox 2037 1445 2191 1552; x_wconf 88' lang='lat' dir='ltr'><strong>optime</strong></span> 
     </span>
     <span class='ocr_line' id='line_1_8' title="bbox 503 1567 2191 1704; baseline -0.001 -34"><span class='ocrx_word' id='word_1_61' title='bbox 503 1586 668 1670; x_wconf 90' lang='lat' dir='ltr'><strong>meritus</strong></span> <span class='ocrx_word' id='word_1_62' title='bbox 703 1575 924 1672; x_wconf 64' lang='lat' dir='ltr'><strong>Graeuueus.</strong></span> <span class='ocrx_word' id='word_1_63' title='bbox 957 1575 1014 1660; x_wconf 91' lang='lat' dir='ltr'><strong>Et</strong></span> <span class='ocrx_word' id='word_1_64' title='bbox 1042 1576 1105 1660; x_wconf 90' lang='lat' dir='ltr'><strong>hic</strong></span> <span class='ocrx_word' id='word_1_65' title='bbox 1134 1573 1306 1704; x_wconf 83' lang='lat' dir='ltr'><strong>quidem</strong></span> <span class='ocrx_word' id='word_1_66' title='bbox 1335 1577 1377 1660; x_wconf 91' lang='lat' dir='ltr'><strong>in</strong></span> <span class='ocrx_word' id='word_1_67' title='bbox 1407 1576 1693 1664; x_wconf 86' lang='lat' dir='ltr'><strong>Dissertatioue</strong></span> <span class='ocrx_word' id='word_1_68' title='bbox 1706 1567 1758 1664; x_wconf 83' lang='lat' dir='ltr'><strong>&#39;de</strong></span> <span class='ocrx_word' id='word_1_69' title='bbox 1780 1575 1947 1686; x_wconf 87' lang='lat' dir='ltr'><strong>Iudaea,</strong></span> <span class='ocrx_word' id='word_1_70' title='bbox 1976 1600 2017 1664; x_wconf 87' lang='lat' dir='ltr'><strong>et</strong></span> <span class='ocrx_word' id='word_1_71' title='bbox 2045 1579 2191 1688; x_wconf 56' lang='lat' dir='ltr'><strong>Hieruf</strong></span> 
     </span>
     <span class='ocr_line' id='line_1_9' title="bbox 500 1703 2188 1845; baseline -0.002 -33"><span class='ocrx_word' id='word_1_72' title='bbox 500 1703 622 1812; x_wconf 88' lang='lat' dir='ltr'><strong>salem</strong></span> <span class='ocrx_word' id='word_1_73' title='bbox 651 1724 813 1839; x_wconf 90' lang='lat' dir='ltr'><strong>Regno,</strong></span> <span class='ocrx_word' id='word_1_74' title='bbox 842 1733 1055 1845; x_wconf 85' lang='lat' dir='ltr'><strong>postquam</strong></span> <span class='ocrx_word' id='word_1_75' title='bbox 1084 1715 1276 1802; x_wconf 90' lang='lat' dir='ltr'><strong>Bernardi</strong></span> <span class='ocrx_word' id='word_1_76' title='bbox 1306 1716 1491 1804; x_wconf 82' lang='lat' dir='ltr'><strong>Monaclri</strong></span> <span class='ocrx_word' id='word_1_77' title='bbox 1529 1721 1774 1827; x_wconf 87' lang='lat' dir='ltr'><strong>testimonia,</strong></span> <span class='ocrx_word' id='word_1_78' title='bbox 1803 1741 1844 1805; x_wconf 85' lang='lat' dir='ltr'><strong>et</strong></span> <span class='ocrx_word' id='word_1_79' title='bbox 1881 1717 2064 1810; x_wconf 88' lang='lat' dir='ltr'><strong>Uldarici</strong></span> <span class='ocrx_word' id='word_1_80' title='bbox 2103 1704 2188 1808; x_wconf 77' lang='lat' dir='ltr'><strong>liu·</strong></span> 
     </span>
     <span class='ocr_line' id='line_1_10' title="bbox 500 1849 2183 1979; baseline -0.001 -24"><span class='ocrx_word' id='word_1_81' title='bbox 500 1867 724 1954; x_wconf 89' lang='lat' dir='ltr'><strong>relianeusis</strong></span> <span class='ocrx_word' id='word_1_82' title='bbox 753 1861 975 1975; x_wconf 83' lang='lat' dir='ltr'><strong>Episcopi,</strong></span> <span class='ocrx_word' id='word_1_83' title='bbox 1004 1889 1107 1974; x_wconf 89' lang='lat' dir='ltr'><strong>quae</strong></span> <span class='ocrx_word' id='word_1_84' title='bbox 1135 1889 1207 1944; x_wconf 92' lang='lat' dir='ltr'><strong>nos</strong></span> <span class='ocrx_word' id='word_1_85' title='bbox 1237 1857 1377 1973; x_wconf 88' lang='lat' dir='ltr'><strong>paullo</strong></span> <span class='ocrx_word' id='word_1_86' title='bbox 1404 1881 1494 1945; x_wconf 88' lang='lat' dir='ltr'><strong>ante</strong></span> <span class='ocrx_word' id='word_1_87' title='bbox 1522 1865 1797 1970; x_wconf 80' lang='lat' dir='ltr'><strong>recitavimus,</strong></span> <span class='ocrx_word' id='word_1_88' title='bbox 1836 1849 1922 1976; x_wconf 84' lang='lat' dir='ltr'><strong>ipse</strong></span> <span class='ocrx_word' id='word_1_89' title='bbox 1948 1893 2114 1979; x_wconf 84' lang='lat' dir='ltr'><strong>quoque</strong></span> <span class='ocrx_word' id='word_1_90' title='bbox 2142 1872 2183 1953; x_wconf 92' lang='lat' dir='ltr'><strong>in</strong></span> 
     </span>
     <span class='ocr_line' id='line_1_11' title="bbox 499 1997 2184 2120; baseline -0.005 -25"><span class='ocrx_word' id='word_1_91' title='bbox 499 2007 682 2095; x_wconf 91' lang='lat' dir='ltr'><strong>medium</strong></span> <span class='ocrx_word' id='word_1_92' title='bbox 711 1997 970 2118; x_wconf 87' lang='lat' dir='ltr'><strong>protulisset,</strong></span> <span class='ocrx_word' id='word_1_93' title='bbox 1000 1999 1093 2085; x_wconf 90' lang='lat' dir='ltr'><strong>baec</strong></span> <span class='ocrx_word' id='word_1_94' title='bbox 1122 1997 1308 2113; x_wconf 85' lang='lat' dir='ltr'><strong>deinceps</strong></span> <span class='ocrx_word' id='word_1_95' title='bbox 1338 2003 1545 2120; x_wconf 86' lang='lat' dir='ltr'><strong>subiungit</strong></span> <span class='ocrx_word' id='word_1_96' title='bbox 1568 2001 1768 2090; x_wconf 88' lang='lat' dir='ltr'><strong>eGallico</strong></span> <span class='ocrx_word' id='word_1_97' title='bbox 1797 2003 1941 2088; x_wconf 80' lang='lat' dir='ltr'><strong>Latine</strong></span> <span class='ocrx_word' id='word_1_98' title='bbox 1958 2001 2123 2089; x_wconf 87' lang='lat' dir='ltr'><strong>reddita.</strong></span> <span class='ocrx_word' id='word_1_99' title='bbox 2138 2043 2184 2102; x_wconf 57' lang='grc' dir='ltr'>ς</span> 
     </span>
     <span class='ocr_line' id='line_1_12' title="bbox 399 2125 2172 2267; baseline -0.003 -35"><span class='ocrx_word' id='word_1_100' title='bbox 399 2221 403 2232; x_wconf 94' lang='grc'><em>.</em></span> <span class='ocrx_word' id='word_1_101' title='bbox 500 2125 717 2267; x_wconf 72' lang='lat' dir='ltr'><strong>Qra&#39;ilquid</strong></span> <span class='ocrx_word' id='word_1_102' title='bbox 741 2125 791 2226; x_wconf 82' lang='lat' dir='ltr'><strong>de</strong></span> <span class='ocrx_word' id='word_1_103' title='bbox 819 2138 1047 2224; x_wconf 72' lang='lat' dir='ltr'><strong>laurisamodr&#39;</strong></span> <span class='ocrx_word' id='word_1_104' title='bbox 1075 2140 1351 2226; x_wconf 84' lang='lat' dir='ltr'><strong>Rloenomeno</strong></span> <span class='ocrx_word' id='word_1_105' title='bbox 1377 2141 1591 2258; x_wconf 87' lang='lat' dir='ltr'><strong>(coelestis</strong></span> <span class='ocrx_word' id='word_1_106' title='bbox 1617 2144 1764 2230; x_wconf 89' lang='lat' dir='ltr'><strong>scilicet</strong></span> <span class='ocrx_word' id='word_1_107' title='bbox 1793 2142 1930 2260; x_wconf 84' lang='lat' dir='ltr'><strong>iguis)</strong></span> <span class='ocrx_word' id='word_1_108' title='bbox 1960 2149 2032 2251; x_wconf 83' lang='lat' dir='ltr'><strong>sit,</strong></span> <span class='ocrx_word' id='word_1_109' title='bbox 2061 2141 2172 2261; x_wconf 76' lang='lat' dir='ltr'><strong>quod</strong></span> 
     </span>
     <span class='ocr_line' id='line_1_13' title="bbox 497 2281 2174 2398; baseline -0.001 -26"><span class='ocrx_word' id='word_1_110' title='bbox 497 2298 577 2372; x_wconf 76' lang='lat' dir='ltr'><strong>non</strong></span> <span class='ocrx_word' id='word_1_111' title='bbox 596 2290 713 2372; x_wconf 74' lang='lat' dir='ltr'><strong>aliter</strong></span> <span class='ocrx_word' id='word_1_112' title='bbox 726 2281 1003 2396; x_wconf 67' lang='lat' dir='ltr'><strong>accipiendam</strong></span> <span class='ocrx_word' id='word_1_113' title='bbox 1028 2297 1106 2387; x_wconf 86' lang='lat' dir='ltr'><strong>est,</strong></span> <span class='ocrx_word' id='word_1_114' title='bbox 1131 2309 1254 2398; x_wconf 74' lang='lat' dir='ltr'><strong>quom</strong></span> <span class='ocrx_word' id='word_1_115' title='bbox 1272 2296 1315 2362; x_wconf 82' lang='lat' dir='ltr'><strong>ut</strong></span> <span class='ocrx_word' id='word_1_116' title='bbox 1327 2286 1403 2395; x_wconf 85' lang='lat' dir='ltr'><strong>pia</strong></span> <span class='ocrx_word' id='word_1_117' title='bbox 1422 2288 1577 2368; x_wconf 80' lang='lat' dir='ltr'><strong>astutia.</strong></span> <span class='ocrx_word' id='word_1_118' title='bbox 1597 2284 1696 2369; x_wconf 89' lang='lat' dir='ltr'><strong>Saue</strong></span> <span class='ocrx_word' id='word_1_119' title='bbox 1715 2287 1780 2372; x_wconf 87' lang='lat' dir='ltr'><strong>vir</strong></span> <span class='ocrx_word' id='word_1_120' title='bbox 1802 2282 2053 2370; x_wconf 88' lang='lat' dir='ltr'><strong>doctissimus</strong></span> <span class='ocrx_word' id='word_1_121' title='bbox 2077 2315 2174 2372; x_wconf 90' lang='lat' dir='ltr'><strong>cum</strong></span> 
     </span>
     <span class='ocr_line' id='line_1_14' title="bbox 497 2421 2176 2541; baseline -0.003 -26"><span class='ocrx_word' id='word_1_122' title='bbox 497 2449 631 2516; x_wconf 88' lang='lat' dir='ltr'><strong>contra</strong></span> <span class='ocrx_word' id='word_1_123' title='bbox 640 2425 1035 2541; x_wconf 89' lang='lat' dir='ltr'><strong>impudentissimum</strong></span> <span class='ocrx_word' id='word_1_124' title='bbox 1050 2422 1255 2508; x_wconf 92' lang='lat' dir='ltr'><strong>hominem</strong></span> <span class='ocrx_word' id='word_1_125' title='bbox 1265 2485 1276 2529; x_wconf 98' lang='lat'><strong>,</strong></span> <span class='ocrx_word' id='word_1_126' title='bbox 1286 2427 1401 2508; x_wconf 87' lang='lat' dir='ltr'><strong>cuius</strong></span> <span class='ocrx_word' id='word_1_127' title='bbox 1417 2425 1531 2510; x_wconf 90' lang='lat' dir='ltr'><strong>nobis</strong></span> <span class='ocrx_word' id='word_1_128' title='bbox 1548 2423 1658 2510; x_wconf 88' lang='lat' dir='ltr'><strong>nefas</strong></span> <span class='ocrx_word' id='word_1_129' title='bbox 1665 2422 1800 2510; x_wconf 86' lang='lat' dir='ltr'><strong>dicere</strong></span> <span class='ocrx_word' id='word_1_130' title='bbox 1816 2423 1880 2509; x_wconf 81' lang='lat' dir='ltr'><strong>vel</strong></span> <span class='ocrx_word' id='word_1_131' title='bbox 1891 2453 2055 2530; x_wconf 89' lang='lat' dir='ltr'><strong>nomen,</strong></span> <span class='ocrx_word' id='word_1_132' title='bbox 2068 2421 2176 2511; x_wconf 81' lang='lat' dir='ltr'><strong>lleli·</strong></span> 
     </span>
     <span class='ocr_line' id='line_1_15' title="bbox 495 2562 2174 2691; baseline -0.006 -34"><span class='ocrx_word' id='word_1_133' title='bbox 495 2580 651 2691; x_wconf 85' lang='lat' dir='ltr'><strong>gionem</strong></span> <span class='ocrx_word' id='word_1_134' title='bbox 663 2567 726 2652; x_wconf 88' lang='lat' dir='ltr'><strong>SS.</strong></span> <span class='ocrx_word' id='word_1_135' title='bbox 736 2565 948 2654; x_wconf 85' lang='lat' dir='ltr'><strong>defendere</strong></span> <span class='ocrx_word' id='word_1_136' title='bbox 958 2562 1345 2682; x_wconf 86' lang='lat' dir='ltr'><strong>suscepisset,uoluit</strong></span> <span class='ocrx_word' id='word_1_137' title='bbox 1360 2565 1673 2652; x_wconf 82' lang='lat' dir='ltr'><strong>cavillationibus</strong></span> <span class='ocrx_word' id='word_1_138' title='bbox 1688 2565 1950 2650; x_wconf 89' lang='lat' dir='ltr'><strong>inimicorum</strong></span> <span class='ocrx_word' id='word_1_139' title='bbox 1960 2563 2174 2648; x_wconf 82' lang='lat' dir='ltr'><strong>bominum</strong></span> 
     </span>
     <span class='ocr_line' id='line_1_16' title="bbox 493 2704 2176 2824; baseline -0.01 -22"><span class='ocrx_word' id='word_1_140' title='bbox 493 2719 628 2802; x_wconf 90' lang='lat' dir='ltr'><strong>locum</strong></span> <span class='ocrx_word' id='word_1_141' title='bbox 647 2709 741 2796; x_wconf 89' lang='lat' dir='ltr'><strong>dare</strong></span> <span class='ocrx_word' id='word_1_142' title='bbox 750 2772 762 2815; x_wconf 94' lang='lat'><strong>,</strong></span> <span class='ocrx_word' id='word_1_143' title='bbox 791 2733 831 2794; x_wconf 90' lang='lat' dir='ltr'><strong>et</strong></span> <span class='ocrx_word' id='word_1_144' title='bbox 849 2709 926 2796; x_wconf 93' lang='lat' dir='ltr'><strong>illis</strong></span> <span class='ocrx_word' id='word_1_145' title='bbox 942 2725 1036 2795; x_wconf 81' lang='lat' dir='ltr'><strong>usus</strong></span> <span class='ocrx_word' id='word_1_146' title='bbox 1052 2731 1110 2794; x_wconf 89' lang='lat' dir='ltr'><strong>est</strong></span> <span class='ocrx_word' id='word_1_147' title='bbox 1127 2709 1256 2795; x_wconf 87' lang='lat' dir='ltr'><strong>verbis</strong></span> <span class='ocrx_word' id='word_1_148' title='bbox 1275 2705 1475 2824; x_wconf 76' lang='lat' dir='ltr'><strong>quidquid</strong></span> <span class='ocrx_word' id='word_1_149' title='bbox 1488 2712 1562 2812; x_wconf 85' lang='lat' dir='ltr'><strong>sit,</strong></span> <span class='ocrx_word' id='word_1_150' title='bbox 1575 2727 1685 2822; x_wconf 78' lang='lat' dir='ltr'><strong>&#39;quae</strong></span> <span class='ocrx_word' id='word_1_151' title='bbox 1701 2705 1761 2791; x_wconf 89' lang='lat' dir='ltr'><strong>illi</strong></span> <span class='ocrx_word' id='word_1_152' title='bbox 1780 2705 1912 2794; x_wconf 87' lang='lat' dir='ltr'><strong>affinia</strong></span> <span class='ocrx_word' id='word_1_153' title='bbox 1927 2725 2020 2789; x_wconf 88' lang='lat' dir='ltr'><strong>suut</strong></span> <span class='ocrx_word' id='word_1_154' title='bbox 2035 2704 2176 2816; x_wconf 83' lang='lat' dir='ltr'><strong>verbo,</strong></span> 
     </span>
     <span class='ocr_line' id='line_1_17' title="bbox 489 2843 2174 2970; baseline -0.006 -32"><span class='ocrx_word' id='word_1_155' title='bbox 489 2853 601 2970; x_wconf 90' lang='lat' dir='ltr'><strong>quod</strong></span> <span class='ocrx_word' id='word_1_156' title='bbox 630 2850 864 2938; x_wconf 85' lang='lat' dir='ltr'><strong>scholasticis</strong></span> <span class='ocrx_word' id='word_1_157' title='bbox 893 2855 935 2935; x_wconf 90' lang='lat' dir='ltr'><strong>in</strong></span> <span class='ocrx_word' id='word_1_158' title='bbox 963 2850 1299 2965; x_wconf 79' lang='lat' dir='ltr'><strong>disputationibus</strong></span> <span class='ocrx_word' id='word_1_159' title='bbox 1326 2849 1509 2960; x_wconf 88' lang='lat' dir='ltr'><strong>usurpari</strong></span> <span class='ocrx_word' id='word_1_160' title='bbox 1536 2846 1657 2955; x_wconf 86' lang='lat' dir='ltr'><strong>solet,</strong></span> <span class='ocrx_word' id='word_1_161' title='bbox 1687 2863 1879 2930; x_wconf 82' lang='lat' dir='ltr'><strong>transeat.</strong></span> <span class='ocrx_word' id='word_1_162' title='bbox 1897 2843 2046 2960; x_wconf 84' lang='lat' dir='ltr'><strong>Neque</strong></span> <span class='ocrx_word' id='word_1_163' title='bbox 2060 2849 2174 2950; x_wconf 68' lang='lat' dir='ltr'><strong>euim</strong></span> 
     </span>
     <span class='ocr_line' id='line_1_18' title="bbox 487 2983 2161 3109; baseline -0.005 -33"><span class='ocrx_word' id='word_1_164' title='bbox 487 2993 838 3106; x_wconf 73' lang='lat' dir='ltr'><strong>Hierosolymitani</strong></span> <span class='ocrx_word' id='word_1_165' title='bbox 881 2992 1063 3076; x_wconf 83' lang='lat' dir='ltr'><strong>miraculi</strong></span> <span class='ocrx_word' id='word_1_166' title='bbox 1092 2989 1248 3109; x_wconf 82' lang='lat' dir='ltr'><strong>Religio</strong></span> <span class='ocrx_word' id='word_1_167' title='bbox 1273 2989 1341 3075; x_wconf 84' lang='lat' dir='ltr'><strong>SS.</strong></span> <span class='ocrx_word' id='word_1_168' title='bbox 1372 2985 1525 3104; x_wconf 82' lang='lat' dir='ltr'><strong>indiget</strong></span> <span class='ocrx_word' id='word_1_169' title='bbox 1552 3009 1601 3070; x_wconf 93' lang='lat' dir='ltr'><strong>ut</strong></span> <span class='ocrx_word' id='word_1_170' title='bbox 1628 3008 1782 3091; x_wconf 88' lang='lat' dir='ltr'><strong>sancta,</strong></span> <span class='ocrx_word' id='word_1_171' title='bbox 1812 2983 1968 3108; x_wconf 83' lang='lat' dir='ltr'><strong>divina,</strong></span> <span class='ocrx_word' id='word_1_172' title='bbox 1996 3006 2037 3068; x_wconf 86' lang='lat' dir='ltr'><strong>et</strong></span> <span class='ocrx_word' id='word_1_173' title='bbox 2068 3013 2161 3068; x_wconf 85' lang='lat' dir='ltr'><strong>vera</strong></span> 
     </span>
    </p>
   </div>
   <div class='ocr_carea' id='block_1_2' title="bbox 486 3129 2167 3364">
    <p class='ocr_par' dir='ltr' id='par_1_4' title="bbox 486 3129 2167 3364">
     <span class='ocr_line' id='line_1_19' title="bbox 486 3129 2167 3248; baseline -0.005 -29"><span class='ocrx_word' id='word_1_174' title='bbox 486 3137 687 3248; x_wconf 86' lang='lat' dir='ltr'><strong>probetur.</strong></span> <span class='ocrx_word' id='word_1_175' title='bbox 716 3129 839 3240; x_wconf 91' lang='lat' dir='ltr'><strong>Quod</strong></span> <span class='ocrx_word' id='word_1_176' title='bbox 867 3135 899 3214; x_wconf 93' lang='lat' dir='ltr'><strong>si</strong></span> <span class='ocrx_word' id='word_1_177' title='bbox 927 3138 1079 3218; x_wconf 87' lang='lat' dir='ltr'><strong>nonin</strong></span> <span class='ocrx_word' id='word_1_178' title='bbox 1108 3137 1292 3234; x_wconf 87' lang='lat' dir='ltr'><strong>transitu,</strong></span> <span class='ocrx_word' id='word_1_179' title='bbox 1322 3129 1392 3216; x_wconf 86' lang='lat' dir='ltr'><strong>sed</strong></span> <span class='ocrx_word' id='word_1_180' title='bbox 1429 3129 1514 3216; x_wconf 82' lang='lat' dir='ltr'><strong>fixo</strong></span> <span class='ocrx_word' id='word_1_181' title='bbox 1550 3130 1685 3244; x_wconf 88' lang='lat' dir='ltr'><strong>pede,</strong></span> <span class='ocrx_word' id='word_1_182' title='bbox 1724 3159 1810 3214; x_wconf 89' lang='lat' dir='ltr'><strong>rem</strong></span> <span class='ocrx_word' id='word_1_183' title='bbox 1854 3148 1979 3212; x_wconf 84' lang='lat' dir='ltr'><strong>totam</strong></span> <span class='ocrx_word' id='word_1_184' title='bbox 2016 3131 2167 3214; x_wconf 61' lang='lat' dir='ltr'><strong>exarm-</strong></span> 
     </span>
     <span class='ocr_line' id='line_1_20' title="bbox 486 3239 2162 3364; baseline -0.006 -30"><span class='ocrx_word' id='word_1_185' title='bbox 486 3271 642 3354; x_wconf 89' lang='lat' dir='ltr'><strong>uasset,</strong></span> <span class='ocrx_word' id='word_1_186' title='bbox 671 3249 745 3332; x_wconf 89' lang='lat' dir='ltr'><strong>alia</strong></span> <span class='ocrx_word' id='word_1_187' title='bbox 773 3248 908 3334; x_wconf 90' lang='lat' dir='ltr'><strong>omnia</strong></span> <span class='ocrx_word' id='word_1_188' title='bbox 937 3246 1115 3364; x_wconf 83' lang='lat' dir='ltr'><strong>profecto</strong></span> <span class='ocrx_word' id='word_1_189' title='bbox 1142 3247 1364 3358; x_wconf 85' lang='lat' dir='ltr'><strong>scripsisset</strong></span> <span class='ocrx_word' id='word_1_190' title='bbox 1393 3243 1587 3353; x_wconf 86' lang='lat' dir='ltr'><strong>Quamvis</strong></span> <span class='ocrx_word' id='word_1_191' title='bbox 1607 3250 1714 3330; x_wconf 90' lang='lat' dir='ltr'><strong>euim</strong></span> <span class='ocrx_word' id='word_1_192' title='bbox 1732 3243 1844 3328; x_wconf 90' lang='lat' dir='ltr'><strong>ultro</strong></span> <span class='ocrx_word' id='word_1_193' title='bbox 1859 3239 2055 3326; x_wconf 81' lang='lat' dir='ltr'><strong>fateamur</strong></span> <span class='ocrx_word' id='word_1_194' title='bbox 2072 3259 2162 3356; x_wconf 79' lang='lat' dir='ltr'><strong>pro-</strong></span> 
     </span>
    </p>
   </div>
   <div class='ocr_carea' id='block_1_3' title="bbox 479 3387 2168 3924">
    <p class='ocr_par' dir='ltr' id='par_1_5' title="bbox 479 3387 2168 3924">
     <span class='ocr_line' id='line_1_21' title="bbox 483 3387 2167 3504; baseline -0.006 -30"><span class='ocrx_word' id='word_1_195' title='bbox 483 3389 639 3504; x_wconf 87' lang='lat' dir='ltr'><strong>digium</strong></span> <span class='ocrx_word' id='word_1_196' title='bbox 668 3388 852 3500; x_wconf 91' lang='lat' dir='ltr'><strong>pluribus</strong></span> <span class='ocrx_word' id='word_1_197' title='bbox 880 3388 1021 3476; x_wconf 87' lang='lat' dir='ltr'><strong>abhinc</strong></span> <span class='ocrx_word' id='word_1_198' title='bbox 1050 3387 1214 3472; x_wconf 87' lang='lat' dir='ltr'><strong>saeculis</strong></span> <span class='ocrx_word' id='word_1_199' title='bbox 1251 3413 1443 3491; x_wconf 86' lang='lat' dir='ltr'><strong>cessasse,</strong></span> <span class='ocrx_word' id='word_1_200' title='bbox 1478 3390 1689 3499; x_wconf 89' lang='lat' dir='ltr'><strong>pertinacis</strong></span> <span class='ocrx_word' id='word_1_201' title='bbox 1725 3407 1832 3470; x_wconf 85' lang='lat' dir='ltr'><strong>certe</strong></span> <span class='ocrx_word' id='word_1_202' title='bbox 1865 3388 2167 3500; x_wconf 80' lang='lat' dir='ltr'><strong>arrogantisque</strong></span> 
     </span>
     <span class='ocr_line' id='line_1_22' title="bbox 483 3519 2168 3646; baseline -0.004 -32"><span class='ocrx_word' id='word_1_203' title='bbox 483 3536 611 3616; x_wconf 87' lang='lat' dir='ltr'><strong>animi</strong></span> <span class='ocrx_word' id='word_1_204' title='bbox 640 3554 767 3636; x_wconf 88' lang='lat' dir='ltr'><strong>essct,</strong></span> <span class='ocrx_word' id='word_1_205' title='bbox 797 3529 909 3646; x_wconf 91' lang='lat' dir='ltr'><strong>quod</strong></span> <span class='ocrx_word' id='word_1_206' title='bbox 937 3531 1038 3615; x_wconf 91' lang='lat' dir='ltr'><strong>olim</strong></span> <span class='ocrx_word' id='word_1_207' title='bbox 1067 3528 1218 3614; x_wconf 84' lang='lat' dir='ltr'><strong>lactum</strong></span> <span class='ocrx_word' id='word_1_208' title='bbox 1246 3527 1396 3633; x_wconf 89' lang='lat' dir='ltr'><strong>fuerit,</strong></span> <span class='ocrx_word' id='word_1_209' title='bbox 1423 3557 1636 3644; x_wconf 85' lang='lat' dir='ltr'><strong>pernegare</strong></span> <span class='ocrx_word' id='word_1_210' title='bbox 1663 3547 1704 3611; x_wconf 85' lang='lat' dir='ltr'><strong>et</strong></span> <span class='ocrx_word' id='word_1_211' title='bbox 1731 3522 1915 3638; x_wconf 87' lang='lat' dir='ltr'><strong>stupidae</strong></span> <span class='ocrx_word' id='word_1_212' title='bbox 1954 3519 2168 3608; x_wconf 81' lang='lat' dir='ltr'><strong>credulita·</strong></span> 
     </span>
     <span class='ocr_line' id='line_1_23' title="bbox 482 3659 2163 3791; baseline -0.008 -34"><span class='ocrx_word' id='word_1_213' title='bbox 482 3680 532 3758; x_wconf 92' lang='lat' dir='ltr'><strong>tis</strong></span> <span class='ocrx_word' id='word_1_214' title='bbox 561 3679 730 3791; x_wconf 88' lang='lat' dir='ltr'><strong>insignes</strong></span> <span class='ocrx_word' id='word_1_215' title='bbox 759 3695 840 3756; x_wconf 89' lang='lat' dir='ltr'><strong>tam</strong></span> <span class='ocrx_word' id='word_1_216' title='bbox 869 3673 1019 3758; x_wconf 86' lang='lat' dir='ltr'><strong>multos</strong></span> <span class='ocrx_word' id='word_1_217' title='bbox 1048 3675 1156 3756; x_wconf 90' lang='lat' dir='ltr'><strong>viros</strong></span> <span class='ocrx_word' id='word_1_218' title='bbox 1185 3699 1374 3774; x_wconf 88' lang='lat' dir='ltr'><strong>accusare,</strong></span> <span class='ocrx_word' id='word_1_219' title='bbox 1394 3689 1482 3750; x_wconf 88' lang='lat' dir='ltr'><strong>tum</strong></span> <span class='ocrx_word' id='word_1_220' title='bbox 1510 3689 1550 3752; x_wconf 89' lang='lat' dir='ltr'><strong>et</strong></span> <span class='ocrx_word' id='word_1_221' title='bbox 1580 3659 1821 3751; x_wconf 72' lang='lat' dir='ltr'><strong>Patriarclras&#39;</strong></span> <span class='ocrx_word' id='word_1_222' title='bbox 1847 3663 2025 3750; x_wconf 86' lang='lat' dir='ltr'><strong>Graecos</strong></span> <span class='ocrx_word' id='word_1_223' title='bbox 2040 3661 2163 3748; x_wconf 70' lang='lat' dir='ltr'><strong>dmrrl</strong></span> 
     </span>
     <span class='ocr_line' id='line_1_24' title="bbox 479 3804 2162 3924; baseline -0.006 -26"><span class='ocrx_word' id='word_1_224' title='bbox 479 3837 518 3898; x_wconf 89' lang='lat' dir='ltr'><strong>et</strong></span> <span class='ocrx_word' id='word_1_225' title='bbox 553 3817 743 3919; x_wconf 67' lang='lat' dir='ltr'><strong>latinos,</strong></span> <span class='ocrx_word' id='word_1_226' title='bbox 772 3838 812 3899; x_wconf 91' lang='lat' dir='ltr'><strong>et</strong></span> <span class='ocrx_word' id='word_1_227' title='bbox 840 3815 1007 3900; x_wconf 89' lang='lat' dir='ltr'><strong>Clerum</strong></span> <span class='ocrx_word' id='word_1_228' title='bbox 1037 3813 1453 3924; x_wconf 84' lang='lat' dir='ltr'><strong>Hierosolymitauum</strong></span> <span class='ocrx_word' id='word_1_229' title='bbox 1480 3811 1791 3913; x_wconf 66' lang='lat' dir='ltr'><strong>universarum</strong></span> <span class='ocrx_word' id='word_1_230' title='bbox 1825 3804 1978 3892; x_wconf 82' lang='lat' dir='ltr'><strong>fraudis</strong></span> <span class='ocrx_word' id='word_1_231' title='bbox 2007 3809 2162 3919; x_wconf 84' lang='lat' dir='ltr'><strong>partici-</strong></span> 
     </span>
    </p>
   </div>
   <div class='ocr_carea' id='block_1_4' title="bbox 484 3956 794 4066">
    <p class='ocr_par' dir='ltr' id='par_1_6' title="bbox 484 3956 794 4066">
     <span class='ocr_line' id='line_1_25' title="bbox 484 3956 794 4066; baseline 0 -27"><span class='ocrx_word' id='word_1_232' title='bbox 484 3985 554 4066; x_wconf 88' lang='lat' dir='ltr'><strong>pes</strong></span> <span class='ocrx_word' id='word_1_233' title='bbox 582 3956 794 4047; x_wconf 81' lang='lat' dir='ltr'><strong>traducere</strong></span> 
     </span>
    </p>
   </div>
   <div class='ocr_carea' id='block_1_5' title="bbox 472 4092 2157 4942">
    <p class='ocr_par' dir='ltr' id='par_1_7' title="bbox 472 4092 2157 4942">
     <span class='ocr_line' id='line_1_26' title="bbox 597 4092 2154 4218; baseline -0.007 -34"><span class='ocrx_word' id='word_1_234' title='bbox 597 4097 899 4218; x_wconf 87' lang='lat' dir='ltr'><strong>Nuucea,quae</strong></span> <span class='ocrx_word' id='word_1_235' title='bbox 910 4101 1030 4184; x_wconf 58' lang='grc' dir='ltr'><strong>ΙΙΙ.ῐῃιιῐ</strong></span> <span class='ocrx_word' id='word_1_236' title='bbox 1051 4099 1309 4186; x_wconf 83' lang='lat' dir='ltr'><strong>Abrincensis</strong></span> <span class='ocrx_word' id='word_1_237' title='bbox 1324 4095 1548 4208; x_wconf 86' lang='lat' dir='ltr'><strong>Episcopus</strong></span> <span class='ocrx_word' id='word_1_238' title='bbox 1557 4092 1609 4178; x_wconf 90' lang='lat' dir='ltr'><strong>de</strong></span> <span class='ocrx_word' id='word_1_239' title='bbox 1621 4117 1729 4178; x_wconf 87' lang='lat' dir='ltr'><strong>sacro</strong></span> <span class='ocrx_word' id='word_1_240' title='bbox 1738 4092 1814 4177; x_wconf 86' lang='lat' dir='ltr'><strong>boc</strong></span> <span class='ocrx_word' id='word_1_241' title='bbox 1826 4097 1915 4209; x_wconf 87' lang='lat' dir='ltr'><strong>igne</strong></span> <span class='ocrx_word' id='word_1_242' title='bbox 1939 4096 2154 4206; x_wconf 64' lang='lat' dir='ltr'><strong>scripserit,</strong></span> 
     </span>
     <span class='ocr_line' id='line_1_27' title="bbox 479 4229 2154 4351; baseline -0.005 -29"><span class='ocrx_word' id='word_1_243' title='bbox 479 4235 713 4326; x_wconf 86' lang='lat' dir='ltr'><strong>adferamus.</strong></span> <span class='ocrx_word' id='word_1_244' title='bbox 748 4245 877 4330; x_wconf 83' lang='lat' dir='ltr'><strong>Locus</strong></span> <span class='ocrx_word' id='word_1_245' title='bbox 895 4266 952 4330; x_wconf 86' lang='lat' dir='ltr'><strong>est</strong></span> <span class='ocrx_word' id='word_1_246' title='bbox 971 4243 1128 4351; x_wconf 81' lang='lat' dir='ltr'><strong>Quaest</strong></span> <span class='ocrx_word' id='word_1_247' title='bbox 1149 4242 1276 4342; x_wconf 74' lang='lat' dir='ltr'><strong>Aluer.</strong></span> <span class='ocrx_word' id='word_1_248' title='bbox 1293 4240 1379 4324; x_wconf 82' lang='lat' dir='ltr'><strong>Lib</strong></span> <span class='ocrx_word' id='word_1_249' title='bbox 1395 4239 1436 4321; x_wconf 93' lang='lat' dir='ltr'><strong>ll</strong></span> <span class='ocrx_word' id='word_1_250' title='bbox 1448 4265 1557 4320; x_wconf 84' lang='lat' dir='ltr'><strong>uum</strong></span> <span class='ocrx_word' id='word_1_251' title='bbox 1573 4233 1696 4320; x_wconf 83' lang='lat' dir='ltr'>XXII</span> <span class='ocrx_word' id='word_1_252' title='bbox 1711 4253 1754 4318; x_wconf 66' lang='lat' dir='ltr'><em>z</em></span> <span class='ocrx_word' id='word_1_253' title='bbox 1769 4235 1818 4317; x_wconf 90' lang='lat' dir='ltr'><strong>ln</strong></span> <span class='ocrx_word' id='word_1_254' title='bbox 1831 4253 2012 4318; x_wconf 88' lang='lat' dir='ltr'><strong>sanctum</strong></span> <span class='ocrx_word' id='word_1_255' title='bbox 2039 4229 2154 4316; x_wconf 84' lang='lat' dir='ltr'><strong>Chri·</strong></span> 
     </span>
     <span class='ocr_line' id='line_1_28' title="bbox 477 4355 2156 4498; baseline 0.001 -40"><span class='ocrx_word' id='word_1_256' title='bbox 477 4415 495 4456; x_wconf 81' lang='lat'>»</span> <span class='ocrx_word' id='word_1_257' title='bbox 527 4383 576 4462; x_wconf 90' lang='lat' dir='ltr'><strong>sti</strong></span> <span class='ocrx_word' id='word_1_258' title='bbox 607 4381 771 4467; x_wconf 88' lang='lat' dir='ltr'><strong>Domini</strong></span> <span class='ocrx_word' id='word_1_259' title='bbox 810 4371 1038 4498; x_wconf 81' lang='lat' dir='ltr'><strong>sepulcrum</strong></span> <span class='ocrx_word' id='word_1_260' title='bbox 1070 4381 1256 4468; x_wconf 85' lang='lat' dir='ltr'><strong>Sabbathi</strong></span> <span class='ocrx_word' id='word_1_261' title='bbox 1290 4381 1419 4466; x_wconf 86' lang='lat' dir='ltr'><strong>Sancti</strong></span> <span class='ocrx_word' id='word_1_262' title='bbox 1449 4355 1517 4464; x_wconf 89' lang='lat' dir='ltr'><strong>die</strong></span> <span class='ocrx_word' id='word_1_263' title='bbox 1536 4381 1612 4466; x_wconf 90' lang='lat' dir='ltr'><strong>sub</strong></span> <span class='ocrx_word' id='word_1_264' title='bbox 1630 4399 1788 4464; x_wconf 85' lang='lat' dir='ltr'><strong>noctem</strong></span> <span class='ocrx_word' id='word_1_265' title='bbox 1816 4374 1928 4462; x_wconf 87' lang='lat' dir='ltr'><strong>coelo</strong></span> <span class='ocrx_word' id='word_1_266' title='bbox 1966 4373 2098 4462; x_wconf 85' lang='lat' dir='ltr'><strong>delabi</strong></span> <span class='ocrx_word' id='word_1_267' title='bbox 2124 4379 2156 4459; x_wconf 89' lang='lat' dir='ltr'><strong>i-</strong></span> 
     </span>
     <span class='ocr_line' id='line_1_29' title="bbox 472 4516 2151 4638; baseline -0.002 -36"><span class='ocrx_word' id='word_1_268' title='bbox 472 4559 491 4603; x_wconf 86' lang='lat'>»</span> <span class='ocrx_word' id='word_1_269' title='bbox 522 4551 641 4638; x_wconf 88' lang='lat' dir='ltr'><strong>gnem</strong></span> <span class='ocrx_word' id='word_1_270' title='bbox 670 4547 878 4632; x_wconf 89' lang='lat' dir='ltr'><strong>sanctum,</strong></span> <span class='ocrx_word' id='word_1_271' title='bbox 909 4525 1104 4626; x_wconf 87' lang='lat' dir='ltr'><strong>Graecis,</strong></span> <span class='ocrx_word' id='word_1_272' title='bbox 1134 4522 1350 4624; x_wconf 85' lang='lat' dir='ltr'><strong>Armenis‚</strong></span> <span class='ocrx_word' id='word_1_273' title='bbox 1376 4521 1505 4632; x_wconf 88' lang='lat' dir='ltr'><strong>Syris,</strong></span> <span class='ocrx_word' id='word_1_274' title='bbox 1534 4519 1704 4635; x_wconf 79' lang='lat' dir='ltr'><strong>Captis,</strong></span> <span class='ocrx_word' id='word_1_275' title='bbox 1734 4519 1900 4634; x_wconf 88' lang='lat' dir='ltr'><strong>aliisque</strong></span> <span class='ocrx_word' id='word_1_276' title='bbox 1936 4516 2151 4602; x_wconf 82' lang='lat' dir='ltr'><strong>schismati·</strong></span> 
     </span>
     <span class='ocr_line' id='line_1_30' title="bbox 473 4653 2157 4779; baseline -0.003 -29"><span class='ocrx_word' id='word_1_277' title='bbox 473 4669 581 4750; x_wconf 63' lang='lat' dir='ltr'><strong>seis</strong></span> <span class='ocrx_word' id='word_1_278' title='bbox 630 4671 971 4779; x_wconf 86' lang='lat' dir='ltr'><strong>persuasissimum</strong></span> <span class='ocrx_word' id='word_1_279' title='bbox 1008 4687 1073 4752; x_wconf 88' lang='lat' dir='ltr'><strong>est.</strong></span> <span class='ocrx_word' id='word_1_280' title='bbox 1103 4663 1187 4752; x_wconf 86' lang='lat' dir='ltr'><strong>Nec</strong></span> <span class='ocrx_word' id='word_1_281' title='bbox 1215 4697 1258 4753; x_wconf 89' lang='lat' dir='ltr'><strong>ea</strong></span> <span class='ocrx_word' id='word_1_282' title='bbox 1286 4661 1409 4750; x_wconf 88' lang='lat' dir='ltr'><strong>hodie</strong></span> <span class='ocrx_word' id='word_1_283' title='bbox 1429 4653 1499 4750; x_wconf 60' lang='lat' dir='ltr'><strong>&#39;vel</strong></span> <span class='ocrx_word' id='word_1_284' title='bbox 1528 4664 1610 4749; x_wconf 81' lang='lat' dir='ltr'><strong>lteri</strong></span> <span class='ocrx_word' id='word_1_285' title='bbox 1641 4683 1730 4747; x_wconf 88' lang='lat' dir='ltr'><strong>nata</strong></span> <span class='ocrx_word' id='word_1_286' title='bbox 1769 4683 1829 4747; x_wconf 90' lang='lat' dir='ltr'><strong>est</strong></span> <span class='ocrx_word' id='word_1_287' title='bbox 1878 4662 2028 4776; x_wconf 84' lang='lat' dir='ltr'><strong>opinio.</strong></span> <span class='ocrx_word' id='word_1_288' title='bbox 2055 4658 2157 4745; x_wconf 90' lang='lat' dir='ltr'><strong>Pro·</strong></span> 
     </span>
     <span class='ocr_line' id='line_1_31' title="bbox 472 4805 2139 4942; baseline 0.002 -56"><span class='ocrx_word' id='word_1_289' title='bbox 472 4841 490 4884; x_wconf 84' lang='lat' dir='ltr'><strong>n</strong></span> <span class='ocrx_word' id='word_1_290' title='bbox 521 4805 657 4892; x_wconf 92' lang='lat' dir='ltr'><strong>ditum</strong></span> <span class='ocrx_word' id='word_1_291' title='bbox 683 4829 789 4942; x_wconf 57' lang='lat'><strong>‘³¹3²</strong></span> <span class='ocrx_word' id='word_1_292' title='bbox 818 4816 860 4894; x_wconf 92' lang='lat' dir='ltr'><strong>iu</strong></span> <span class='ocrx_word' id='word_1_293' title='bbox 881 4814 998 4928; x_wconf 84' lang='lat' dir='ltr'><strong>gestis</strong></span> <span class='ocrx_word' id='word_1_294' title='bbox 1012 4808 1274 4916; x_wconf 88' lang='lat' dir='ltr'><strong>Francorum,</strong></span> <span class='ocrx_word' id='word_1_295' title='bbox 1291 4809 1491 4896; x_wconf 91' lang='lat' dir='ltr'><strong>Balduino</strong></span> <span class='ocrx_word' id='word_1_296' title='bbox 1518 4805 1808 4918; x_wconf 83' lang='lat' dir='ltr'><strong>Hierosolymis</strong></span> <span class='ocrx_word' id='word_1_297' title='bbox 1828 4826 2036 4923; x_wconf 86' lang='lat' dir='ltr'><strong>regnante,</strong></span> <span class='ocrx_word' id='word_1_298' title='bbox 2057 4825 2139 4892; x_wconf 89' lang='lat' dir='ltr'><strong>ma-</strong></span> 
     </span>
    </p>
   </div>
   <div class='ocr_carea' id='block_1_6' title="bbox 0 0 2440 6630">
    <p class='ocr_par' dir='ltr' id='par_1_8' title="bbox 0 0 2440 6630">
     <span class='ocr_line' id='line_1_32' title="bbox 0 0 2440 6630; baseline 0 5"><span class='ocrx_word' id='word_1_299' title='bbox 0 0 2440 6630; x_wconf 95' lang='lat' dir='ltr'><strong> </strong></span> 
     </span>
    </p>
   </div>
  </div>
 </body>
</html>
