4870 6630
970 493 1145 615 w)

222 676 356 788 sepius
385 669 523 788 audire
552 667 763 782 cupiebant
791 683 829 749 et
857 693 953 752 cum
982 668 1070 750 viro
1099 665 1338 750 sanctissimo
1366 663 1575 752 celestibus
1605 668 1761 782 pabulis
1800 703 1894 787 opn-

221 815 304 899 tari.
334 811 456 898 U‘nde
486 831 648 895 etcum
677 835 863 924 germano
892 829 1063 917 capuano
1093 803 1267 894 Ecclesie
1296 801 1482 918 pontifice
1514 807 1652 893 crebro
1690 806 1889 894 familiari·

223 975 284 1040 tor
313 951 568 1038 conveniebat
596 972 635 1036 et
663 976 756 1030 cnm
785 942 992 1036 benedicto
1020 943 1116 1064 xpe
1137 945 1290 1030 samnio
1320 951 1376 1032 ire
1405 1009 1608 1031 ......
1637 968 1762 1030 castro
1790 953 1893 1057 posi·

223 1119 267 1178 to
298 1090 452 1178 assidua
480 1092 650 1174 amicitia
679 1091 916 1206 iungebatur
944 1117 1119 1201 eumque
1147 1116 1218 1199 per
1246 1087 1423 1208 singulos
1451 1117 1571 1175 annos
1602 1090 1782 1178 invisere
1797 1112 1888 1175 oon-

222 1257 410 1321 sueverat
439 1254 487 1316 ut
515 1233 716 1346 gregorius
745 1224 924 1316 romulee
961 1249 1091 1318 uertat
1111 1227 1352 1341 Episcopus
1382 1226 1488 1316 Nam
1517 1289 1797 1314 ........
1827 1225 1894 1315 dei

231 1375 430 1460 famulum
461 1369 713 1458 benedictum
744 1431 989 1455 .......
1020 1398 1029 1416 ·
1063 1430 1073 1460 .
1102 1370 1486 1485 visitationisgratia
1507 1366 1761 1457 adventasset.
1789 1390 1829 1454 et
1847 1367 1900 1456 de

235 1516 346 1600 totila
374 1516 588 1634 gothorum
618 1539 709 1630 rege
735 1544 780 1598 ac
808 1541 970 1600 romane
999 1511 1109 1601 orbis
1138 1513 1298 1602 interitu
1328 1511 1476 1602 locutio
1513 1515 1691 1604 oriretur.
1736 1509 1897 1600 benedi-

228 1683 315 1744 ctus
344 1663 418 1741 ait:
449 1689 559 1742 roma
588 1687 611 1740 a
640 1657 822 1772 gentihus
851 1689 932 1742 non
960 1654 1227 1766 dissipabitur.
1257 1651 1327 1739 sed
1355 1658 1436 1746 suis
1466 1652 1726 1746 vetustatibus
1755 1671 1795 1756 et
1822 1673 1897 1740 ter·-

228 1802 445 1904 remotihus
475 1798 628 1914 fatigate
657 1803 835 1883 macessit
863 1803 906 1885 in
933 1791 1149 1909 semetipsa.
1178 1791 1301 1900 Quod
1329 1825 1376 1886 ex
1406 1797 1577 1884 maxima
1605 1812 1717 1904 partu
1745 1789 1896 1886 fuctum

232 1945 427 2027 cernimus
456 1942 557 2022 sicut
584 1940 706 2024 michi
737 1933 904 2054 qni'illis
920 1943 960 2022 in
982 1939 1159 2053 partibus
1178 1933 1424 2047 frequentius
1444 1935 1649 2026 ambutant
1664 1936 1893 2030 retulerunt·

1014 2170 1134 2278 Resp.

345 2392 424 2476 Iste
452 2359 619 2476 sauctus¹
634 2389 753 2507 digne
781 2394 823 2474 in
853 2398 1087 2477 memoriam
1117 2393 1284 2477 vertitur
1302 2390 1515 2473 hominnm
1543 2393 1615 2505 qui
1635 2387 1686 2474 ad
1704 2388 1900 2506 gaudium

232 2536 384 2617 transiit
412 2532 654 2648 augelorum.
683 2530 883 2637 Quoniam
912 2535 951 2614 in
980 2534 1052 2618 hac
1080 2533 1390 2647 peregrinatione
1418 2528 1502 2616 solo
1531 2559 1694 2642 corpore
1709 2535 1896 2622 constitu.-

232 2696 299 2756 tus
328 2677 514 2788 cogitavit
542 2693 582 2755 et
610 2670 839 2755 aviditatem
869 2677 910 2757 in
939 2673 1005 2757 illa
1034 2695 1167 2758 eterna
1204 2673 1328 2783 patria
1356 2685 1398 2748 Ξ
1424 2688 1458 2752 t.
1484 2693 1526 2756 Ε
1555 2671 1733 2756 Vinculis
1771 2677 1896 2756 carnis

231 2810 436 2894 absolutus
465 2810 658 2894 talentum
686 2813 762 2897 sibi
790 2789 989 2898 creditum
1023 2813 1190 2898 domino
1218 2840 1290 2893 suo
1329 2806 1579 2922 duplicatum
1615 2813 1898 2921 reportavit:

231 2951 432 3056 Quoniam
461 2973 533 3034 etc.

860 3180 1286 3292 mmmm

353 3403 435 3509 Qui
465 3406 565 3520 regis
594 3399 720 3488 claves
749 3425 788 3487 et
816 3437 952 3491 curam
981 3429 1104 3524 gestas
1132 3407 1258 3490 ovilis.
1286 3401 1425 3488 Presul
1452 3401 1505 3489 de
1542 3433 1625 3519 quo
1661 3407 1789 3489 omnis
1819 3409 1899 3493 vite

237 3564 451 3627 renovatur
481 3548 592 3658 origo
611 3562 653 3623 Ξ
681 3545 782 3630 Psal.
806 3548 1039 3668 r-ssnomine
1070 3565 1112 3626 ι·
1132 3549 1224 3632 Ant.
1249 3565 1291 3628 ..τ
1318 3543 1396 3628 Hie
1433 3542 1506 3628 celi
1542 3566 1644 3630 terre
1682 3550 1753 3659 qui
1790 3548 1901 3632 urbis

236 3685 434 3768 commisit
462 3682 638 3766 habenae.
666 3705 714 3766 ut
743 3707 885 3770 reseret
913 3686 1051 3772 clausis
1079 3689 1206 3772 solnta
1237 3683 1366 3769 vincla
1393 3677 1528 3801 ligatis
1557 3718 1599 3780 ε
1627 3685 1731 3770 Psat
1750 3723 1793 3787 a
1815 3687 1899 3774 Do-

241 3825 349 3908 mine
376 3836 417 3900 :
445 3825 536 3906 Ant.
561 3811 603 3876 Ε
630 3881 640 3902 .
746 3883 756 3903 .
789 3869 798 3887 ·
831 3885 841 3904 .
869 3885 879 3905 .
908 3886 919 3906 .
947 3823 1192 3940 Dignitatem
1221 3886 1473 3911 .......
1503 3824 1721 3938 Apostolici
1740 3887 1912 3910 ......

234 3959 404 4075 claviger
441 3983 640 4046 assecutus
668 3991 717 4045 es.
755 3965 827 4077 qui
855 3963 955 4077 Xp,⁰
980 3963 1162 4050 ardenter
1202 3967 1421 4083 obsequens
1450 3986 1536 4050 toto
1565 3964 1684 4052 corde
1710 3991 1906 4053 assecutus

236 4121 313 4186 est.
342 4162 352 4184 .
381 4163 390 4184 .
418 4163 427 4184 .
457 4117 490 4185 t.
520 4097 569 4177 ἕ
606 4123 651 4186 tu
680 4131 720 4187 es
750 4101 928 4190 sacerdos
957 4126 1000 4192 z
1033 4135 1069 4193 s.
1096 4103 1316 4192 secundum
1333 4104 1554 4191 Ordinem
1572 4123 1614 4186 :t
