4834 6602
1189 369 1207 486 (
1242 365 1364 480 122)

360 538 365 548 ’
438 551 565 664 piscit.
596 547 729 630 statim
758 545 883 626 vitam
912 541 1074 625 extorsit
1101 536 1275 622 levitam.
1304 529 1446 648 procul
1474 532 1653 648 quierat.
1682 523 1821 610 Gloria
1842 526 1944 638 patri
1958 551 2115 608 resone-

438 719 528 776 mus
557 695 648 774 ore:
679 707 719 770 et
747 683 820 768 tibi
850 681 945 792 Xp.⁰
983 681 1111 795 genite
1138 681 1384 790 sempiterne.
1413 671 1522 760 Cum
1550 667 1697 784 quibus
1725 682 1879 750 sanctus
1907 662 2030 748 sinrnl
2074 681 2114 746 et

441 853 589 919 creator
617 830 778 942 spiritus
806 840 952 938 regnat.
981 821 1122 904 Amen.
1154 830 1187 900 t.
1215 849 1283 901 ora
1312 825 1387 932 pr'o
1416 815 1531 900 nobis
1560 849 1596 907 r.
1625 829 1671 896 ut
1699 806 1821 925 digni.

1152 957 1224 1044 Ad
1249 961 1313 1046 M
1343 962 1390 1045 A

453 1125 454 1130 ‘
553 1102 708 1199 Ardens
737 1129 778 1192 et
805 1106 941 1190 lucens
968 1101 1081 1190 stella
1109 1097 1318 1213 splendida
1348 1101 1539 1184 matutina
1567 1096 1679 1182 beate
1707 1091 1841 1178 sabine
1859 1088 2056 1176 confessor
2074 1107 2114 1170 et

441 1251 620 1368 pontifex
650 1249 827 1334 tenebras
852 1249 904 1328 ita
923 1243 1058 1326 lorum
1075 1239 1164 1356 (sic)
1185 1241 1302 1326 radiis
1321 1241 1521 1324 illustrasti
1542 1237 1711 1350 propriis
1730 1262 1774 1318 ac
1792 1231 1903 1316 verbi
1923 1229 1987 1316 dei
2007 1225 2114 1313 arida

440 1395 605 1508 irrigasti
635 1385 752 1474 corda
782 1385 969 1470 doctrinis
997 1413 1071 1495 pro
1100 1387 1178 1466 tuis
1205 1413 1322 1467 exora
1351 1380 1509 1466 famulis
1537 1405 1713 1492 quorum
1760 1373 1859 1460 colla
1897 1369 2109 1498 subdidisti

444 1534 600 1642 pastori.
631 1533 693 1614 Ps.
724 1521 963 1642 Magnificat.

1218 1667 1363 1752 Oratrb.
1656 1766 1659 1770 .

556 1815 667 1898 Deus
695 1811 941 1894 illuminator
969 1813 1153 1893 omnium
1183 1811 1290 1891 inte
1319 1811 1560 1920 sperantium
1589 1809 1702 1890 cuius
1732 1806 1878 1886 virtute
1898 1797 2110 1902 beatussa-

442 1949 782 2057 biuusconfessor
809 1971 928 2062 atque
957 1948 1133 2061 pontifex
1162 1951 1215 2031 ita
1245 1933 1462 2033 illustratus
1490 1971 1548 2032 est
1576 1967 1623 2028 ut
1641 1971 1840 2028 venenum
1860 1933 2113 2022 mortiferum

394 2167 398 2176 .
443 2094 580 2180 bibens
608 2123 688 2174 nou
716 2089 853 2173 solum
882 2089 1016 2172 illesus
1046 2087 1231 2172 evaderet
1258 2088 1341 2214 sed*
1357 2113 1397 2174 er
1426 2113 1531 2175 vates
1560 2087 1784 2171 claresceret
1828 2107 1995 2196 magnus
2025 2106 2116 2163 eon-

444 2237 538 2321 cede
567 2234 766 2344 propicius
795 2252 842 2312 ut
870 2261 940 2340 per
968 2232 1076 2315 illius
1096 2233 1409 2316 intercessionem
1429 2257 1652 2314 mereamur
1672 2251 1819 2309 venena
1838 2222 1881 2304 in
1900 2221 2013 2304 nobis
2051 2247 2115 2300 es·

448 2351 575 2464 tingui
618 2341 821 2430 mortifera
851 2364 891 2426 et
919 2341 1081 2457 adipisci
1110 2344 1212 2429 bona
1240 2347 1403 2430 celestia.
1432 2375 1503 2458 per
1531 2343 1650 2428 Dom.
1859 2339 1865 2354 '

976 2483 980 2490 ’
1086 2483 1155 2570 Ad
1181 2485 1474 2569 lustratorum

558 2624 705 2706 Venite.
728 2619 792 2704 Η.’
815 2618 866 2704 ad
895 2615 1205 2708 collaudandum
1235 2653 1368 2740 regem
1397 2655 1538 2742 regum
1566 2596 1877 2740 dominum'qui
1899 2621 2115 2732 triumphat

446 2772 487 2852 iu
517 2767 733 2854 confessore
761 2794 834 2850 suo
863 2760 1019 2846 Sabino.
1043 2761 1145 2846 Psoi.
1174 2767 1313 2850 venite.
1343 2793 1453 2875 ymu.
1472 2763 1551 2849 Iste
1570 2763 1684 2848 conf.r
1708 2769 1757 2851 In
1767 2781 1825 2876 μθ
1852 2780 1908 2845 u.⁰
1933 2795 1998 2846 an.
2015 2761 2122 2844 Pou-

446 2907 599 2994 tificalis
628 2939 727 3018 apex
757 2925 964 2992 veneratur
993 2906 1078 2986 iura
1106 2897 1288 2988 cathedre
1317 2936 1440 3018 qnam
1483 2909 1662 3018 primum
1710 2907 1817 2989 mitis
1845 2905 1979 2988 Sabini
2015 2931 2109 3008 corr-v

448 3045 598 3132 scandit
626 3048 767 3133 lterum
792 3045 854 3162 (*).
886 3045 950 3128 Ps.
980 3039 1123 3129 Beatus
1154 3047 1224 3126 vir.
1254 3045 1301 3129 A.
1329 3043 1377 3128 In
1405 3030 1523 3156 super
1545 3045 1692 3129 excelse
1712 3050 1860 3156 positus
1888 3040 2119 3126 fundamine

447 3189 596 3272 Sabine.
626 3189 808 3274 moribus
835 3211 1024 3269 exornans
1052 3183 1228 3270 humeris
1256 3215 1357 3299 qnos
1386 3207 1470 3270 tuta
1498 3208 1678 3298 reportat.
1703 3189 1765 3270 Ps.
1794 3185 1934 3292 Quare.
1967 3190 2012 3271 A
2042 3187 2120 3268 An·

448 3329 624 3414 tlrioccne
644 3329 716 3446 (**)
745 3327 901 3416 domini
932 3320 1059 3408 divini
1087 3325 1238 3410 lumine
1265 3324 1366 3410 solis
1395 3323 1576 3410 irradiata
1604 3355 1757 3410 sacrum
1787 3326 1907 3420 decus
1924 3326 1999 3410 hoc
2027 3324 2120 3408 colit

547 3577 596 3678 (⁴⁸)
625 3577 653 3649 F
655 3592 775 3674 optasse
801 3578 1003 3678 legendum:
1031 3543 1192 3652 Sabinus
1217 3577 1428 3654 couscmdit
1452 3579 1489 3648 in
1515 3547 1655 3648 aeruna.

548 3676 617 3804 (ἦ)
643 3713 700 3776 An
726 3687 899 3778 eGraeco
925 3687 1148 3805 compositum
1172 3701 1392 3800 vocabulum,
1419 3705 1511 3806 quasi
1529 3701 1612 3825 'Flos
1636 3701 1818 3780 novellus?
1843 3702 1987 3778 Videant
2015 3704 2115 3778 docti,

473 3937 506 3976 e·
550 3888 608 3962 Ex
631 3888 734 3962 Brev.
764 3889 848 3962 Mss.
879 3889 1017 3988 Insignis
1042 3887 1267 3969 Basilicas-S.
1296 3884 1428 3962 Nicolai
1451 3889 1543 3963 Barii
1583 3905 1620 3958 :a
1654 3887 1697 3962 ad
1722 3887 1811 3980 diem
1854 3890 1909 3983 lX
1943 3891 2119 3972 Februarii

470 4087 479 4096 ,
551 4013 593 4088 In
618 4013 821 4112 depositione
846 4019 990 4114 corporis
1015 4016 1053 4090 S.
1082 4015 1197 4090 Sabini
1223 4015 1335 4088 omnia
1360 4017 1510 4092 fiuntdc
1534 4043 1599 4092 nno
1625 4016 1815 4092 Confessore
1839 4017 2016 4118 Episcopo.

471 4239 477 4248 Ι
989 4223 991 4231 y
1173 4141 1264 4216 Ant.
1293 4143 1347 4216 ad
1365 4146 1419 4219 M.

553 4263 681 4342 Ardens
706 4281 737 4341 et
762 4268 873 4342 lucens
897 4269 988 4344 stella
1013 4265 1181 4367 splendida
1207 4274 1364 4345 matutina
1387 4271 1481 4347 beate
1505 4271 1626 4346 Sabine
1652 4273 1825 4347 Confrssor
1850 4259 1882 4348 et
1897 4269 2041 4374 pontifex
2058 4278 2117 4378 qui

450 4391 601 4470 tenebras
624 4397 670 4468 ita
688 4395 883 4498 lerunt(s3c)
910 4397 1008 4472 radiis
1034 4397 1194 4472 illustrasti
1219 4403 1360 4501 propriis
1384 4427 1422 4475 nc
1444 4399 1537 4477 verbi
1564 4401 1617 4477 dei
1643 4400 1734 4476 arida
1760 4403 1899 4502 irrigasti
1920 4433 1922 4438 ·
1941 4405 2040 4480 corda
2066 4405 2126 4480 do-

444 4521 553 4598 ctrinis
569 4549 630 4624 pro
655 4525 718 4599 tuis
742 4552 839 4602 exora
853 4525 993 4624 famulis
1014 4553 1156 4630 quornm
1181 4526 1263 4603 tolla
1288 4525 1461 4601 subdidisti
1486 4530 1622 4629 pastori.
1651 4529 1759 4622 Psoi.
1787 4533 1987 4632 magnificat.
