4870 6630
454 677 543 788 quit
572 669 684 788 quod
713 671 813 756 mihi
840 673 1018 787 porribie
1037 669 1128 754 seio
1156 665 1259 785 quid
1288 671 1330 752 in
1359 665 1430 753 illo
1457 666 1626 776 laetae„
1655 667 1762 752 Puer
1800 697 1895 754 mox
1922 672 2037 788 quod
2066 675 2124 764 fe-

452 835 556 934 eerat
592 819 634 900 in
671 797 803 899 lucem
832 841 1066 931 cognoscens
1094 807 1326 896 deductum.
1356 813 1575 928 pertimuit„
1604 832 1644 895 et
1680 815 1804 900 sancti
1848 816 1925 898 viri
1962 811 2126 900 vultum

450 961 550 1043 serre
579 988 659 1044 non
678 979 851 1071 poterae
871 960 987 1042 citius
1015 985 1056 1040 se
1085 980 1223 1040 necare
1250 955 1422 1070 quesivit
1451 985 1619 1040 menum
1655 953 1707 1040 ad
1745 983 1789 1039 os
1818 954 1982 1041 bibendi
2010 986 2126 1042 vene

453 1129 554 1197 num
583 1102 745 1188 iniciens
764 1156 800 1203 .‚‚
833 1095 898 1185 Ad
927 1095 999 1182 hec
1026 1101 1231 1210 episeopus
1259 1095 1360 1180 mihi
1387 1099 1441 1179 ait
1469 1097 1591 1212 prebe
1620 1093 1855 1182 fidelissime
1883 1127 1993 1210 puer.
2021 1099 2123 1184 absit

456 1244 567 1330 absit:
595 1262 642 1325 ut
670 1245 712 1326 in
740 1262 951 1354 conspectu
979 1241 1071 1326 licet
1097 1237 1253 1356 indigni
1280 1236 1489 1349 pontificis.
1518 1269 1670 1327 veneno
1698 1243 1790 1354 quis
1813 1240 1993 1326 extrema
2013 1237 2125 1326 finiat

451 1386 531 1466 vite
541 1447 573 1489 .,.
621 1382 711 1499 Ego
740 1381 887 1466 bibam.
916 1381 986 1464 sed
1014 1380 1083 1466 ilie
1111 1385 1183 1496 qui
1212 1382 1286 1466 hoc
1314 1378 1511 1496 flagitium
1549 1404 1772 1494 perpetrare
1807 1377 1952 1467 'voluit
1979 1388 2126 1498 episco-

450 1553 526 1636 pus
555 1546 647 1610 non'
666 1527 741 1608 erit
760 1588 794 1630 .,.
822 1521 898 1608 Sed
929 1527 1081 1606 mirum
1110 1545 1150 1610 et
1177 1523 1428 1634 stupendum,
1450 1522 1692 1646 mieaculum
1726 1528 1899 1641 contigit„
1919 1555 2013 1608 nam
2033 1556 2127 1610 cum

452 1663 562 1748 idem
590 1665 744 1750 biberet
772 1693 971 1765 venenum
1000 1666 1119 1747 miser
1149 1659 1376 1750 vindemius
1404 1668 1476 1778 qui
1504 1653 1548 1747 iii
1578 1669 1693 1784 tertio
1722 1669 1811 1750 vico
1841 1665 1970 1750 tribus
1998 1668 2124 1752 milia-

451 1807 560 1892 ribus
590 1838 612 1889 a
641 1809 761 1890 sancti
791 1803 855 1892 dei
884 1801 1054 1888 distante
1083 1826 1165 1888 erat
1193 1803 1421 1893 habitaculo
1462 1783 1675 1896 defunctus
1711 1829 1768 1892 est
1786 1869 1817 1910 .,.
1847 1807 1904 1890 Et
1927 1811 2000 1922 qui
2038 1812 2121 1892 eius

449 1952 526 2034 viri
554 1978 692 2035 necem
721 1947 913 2058 cupiebat.
942 1951 1027 2058 ipse
1055 1947 1208 2029 malitia
1246 1974 1316 2030 sua
1346 1971 1575 2063 peremptus
1615 1969 1704 2054 est.‚.
1734 1949 1849 2036 Dum
1889 1948 2017 2032 vellet
2049 1976 2125 2034 .ne·

195 2127 207 2148 s
339 2076 341 2080 ¹
447 2121 534 2176 cere
563 2119 724 2176 venen0.
753 2092 928 2203 nequitie
956 2117 1025 2173 sue
1053 2117 1205 2174 veneno
1233 2111 1393 2174 necatus
1435 2113 1504 2174 est.
1541 2092 1750 2202 propinare
1787 2087 1915 2170 voluit
1954 2109 1995 2170 et
2032 2116 2122 2199 pro·

454 2236 611 2343 pinatus
638 2250 696 2313 est
715 2291 747 2332 .,.
776 2227 816 2324 Ο
842 2227 980 2312 infelix
1018 2247 1057 2312 et
1096 2229 1285 2316 omnibus
1323 2236 1494 2320 deterior
1521 2230 1703 2317 vindemi
1746 2231 1820 2316 tibi
1853 2228 1997 2312 scilieet
2035 2257 2116 2312 cre*
2174 2215 2180 2228 ⁵

453 2371 536 2455 dita
565 2392 658 2455 sunt
685 2371 843 2456 domini
871 2390 1054 2484 precepta
1083 2370 1157 2456 tibi
1185 2377 1438 2494 evangelium
1466 2373 1657 2460 traditum
1688 2396 1757 2459 ese
1793 2393 1840 2456 ut
1865 2371 2052 2454 omnibus
2077 2363 2147 2453 θ’(

452 2510 720 2628 vangelizares.
749 2511 961 2628 numquid.
981 2543 1061 2598 non
1089 2514 1249 2626 publice
1277 2547 1375 2604 voce
1402 2548 1537 2603 canere
1565 2517 1724 2602 solebas
1753 2517 1825 2629 qui
1850 2535 1963 2627 parat
1981 2513 2111 2624 proxi-

451 2684 521 2740 mo
549 2685 621 2738 suo
650 2653 807 2742 foveam
834 2651 972 2742 incidit
1000 2659 1043 2748 in
1069 2633 1169 2764 ,eam-
1197 2657 1272 2747 hoc
1300 2658 1373 2746 tibi
1401 2659 1533 2745 evenit
1560 2655 1708 2755 infelix.
1736 2652 1850 2786 quod
1876 2653 1962 2738 aliis
1980 2677 2116 2740 caveoe

444 2793 691 2924 ‚predicabae¹
