4870 6630
1260 540 1279 658 (
1316 569 1387 628 roa
1420 538 1438 655 )
1497 647 1498 654 Ν

509 725 656 814 habere
683 723 757 812 trbi
784 722 893 810 dono
926 741 967 807 et
993 711 1088 806 cum
1116 735 1198 801 tota
1225 736 1361 802 mente
1389 732 1428 796 te
1456 707 1583 830 diligo
1605 734 1648 799 ε
1670 708 1766 798 Post
1792 709 1888 798 baec
1914 709 2014 799 dicit
2041 711 2176 802 Sacer-

494 867 719 984 desurper
747 867 885 954 ambos
913 883 955 945 τε
980 862 1127 950 Munda
1156 861 1267 946 Deus
1285 863 1478 946 virtutem
1492 875 1615 940 tuam.
1629 847 1822 940 confirma
1850 851 1949 942 deus
1967 858 2044 942 hoo
2065 861 2177 974 quod

491 1031 684 1131 operatus
715 1041 757 1099 es
784 1013 825 1097 in
854 1007 981 1098 nobis.
1011 1006 1049 1092 A
1085 1000 1238 1118 templo
1266 1021 1339 1085 tuo
1380 996 1597 1086 ler'usalcm
1625 997 1699 1084 tibi
1742 997 1904 1086 offerent
1945 1027 2057 1119 reges
2084 1033 2174 1088 mu·

496 1187 603 1248 nera.
627 1129 796 1269 'Increpa
833 1149 933 1238 feras
975 1142 1180 1234 arundinis
1201 1145 1466 1260 congregatio
1512 1161 1722 1227 taurorum
1760 1142 1802 1262 in
1844 1145 1971 1230 vaccis
2008 1146 2178 1257 populo-

397 1380 401 1388 *
497 1333 591 1389 rum
619 1320 667 1384 ut
694 1293 905 1385 excludant
932 1321 998 1378 eos
1026 1295 1099 1408 qui
1128 1287 1284 1406 probati
1312 1305 1406 1375 sunt
1451 1306 1629 1402 argento·
1658 1275 1812 1370 ‘Gloria
1839 1283 1950 1370 Patri
1977 1302 2020 1367 τε
2051 1310 2088 1376 ι’.
2116 1293 2171 1377 sia

507 1447 576 1532 cut
603 1459 686 1527 erat
707 1457 750 1522 Ε
771 1435 1008 1523 Kirieleison
1022 1433 1118 1546 pr
1145 1431 1291 1516 eleison
1305 1428 1551 1516 Kirieleison
1566 1448 1610 1512 t:
1629 1449 1738 1541 pater
1766 1450 1898 1516 noster
1921 1461 1965 1525 :a
1990 1461 2025 1519 r.
2054 1434 2111 1520 Et
2128 1467 2175 1522 ne

499 1621 570 1678 nos
604 1584 770 1694 inducas
785 1617 827 1681 :a
853 1617 887 1674 a·
918 1594 960 1659 :t
976 1575 1046 1664 sed
1074 1575 1207 1662 libera.

615 1729 722 1815 Inter
749 1730 823 1812 hec
851 1711 998 1808 intrent
1026 1723 1069 1802 in
1096 1712 1272 1800 Ecclesia
1298 1715 1334 1798 si
1363 1717 1478 1832 virgo
1504 1734 1622 1802 est...
1643 1711 1725 1829 (ι).
1837 1745 1933 1802 cum
1961 1739 2052 1804 ante
2080 1720 2170 1804 alta.

499 1911 541 1966 re
571 1897 611 1962 et
639 1886 885 1989 prosternent
913 1894 954 1950 se
981 1889 1113 1974 panno
1142 1863 1183 1944 in
1213 1877 1316 1941 terra
1343 1876 1384 1942 et
1412 1879 1533 1972 ponat
1560 1855 1747 1946 Sacerdos
1782 1888 1901 1972 super
1938 1866 2066 1976 capita
2094 1897 2174 1954 am.

499 2011 842 2110 borumsindone
870 2006 934 2125 (2)
961 2004 1114 2089 munda
1142 2023 1182 2088 et
1209 2000 1315 2088 dicat
1342 2031 1461 2114 super
1489 2001 1628 2088 ambos
1655 2004 1756 2090 hauc
1782 2006 2013 2094 orationem:

612 2153 825 2246 Benedicat
844 2155 924 2266 ‚vos
952 2150 1068 2232 Pater
1095 2168 1136 2232 et
1164 2139 1292 2232 Filius
1320 2168 1360 2234 at
1386 2139 1559 2262 Spiritus
1585 2127 1749 2236 Sanctus
1776 2151 1848 2266 qui
1884 2151 2011 2235 trinus
2039 2175 2096 2239 est
2136 2160 2177 2241 in

501 2331 671 2392 numero
699 2319 739 2382 et
765 2325 869 2382 unus
897 2313 956 2378 est
983 2293 1026 2375 in
1053 2276 1226 2374 nomine.
1963 2393 1969 2404 υ

616 2442 727 2525 Deus
756 2437 941 2522 abraham
971 2430 1069 2518 deus
1097 2430 1217 2516 Ysaac
1244 2429 1345 2518 deus
1372 2429 1501 2517 Iacob.
1529 2431 1620 2547 lpse
1648 2436 2170 2557 coniungat·vos,impleat·

499 2614 580 2702 que
608 2577 924 2668 benedictionem
952 2603 1068 2660 suam
1095 2576 1137 2659 in
1156 2571 1283 2659 vobis.
1811 2559 1814 2575 ¹

618 2723 729 2808 Deus
757 2718 945 2806 abraham
973 2713 1072 2804 deus
1099 2715 1212 2802 iacob
1238 2713 1339 2801 deus
1367 2744 1481 2828 ysaac
1508 2715 1676 2804 benedic
1703 2717 1966 2812 adolescentes
2002 2725 2110 2812 istos.
2140 2745 2181 2812 et

505 2868 653 2954 semina
682 2891 817 2948 semen
845 2862 925 2943 vite
953 2878 1085 2952 aterne
1121 2859 1165 2944 in
1191 2857 1393 2964 membris,
1420 2889 1570 2948 eorum.
1594 2882 1643 2947 ut
1670 2863 1874 2980 quidquid
1901 2897 1974 2981 pro
2002 2869 2176 2956 utilitate

508 3017 578 3097 sua
607 3060 894 3092 ........
923 2998 977 3119 (*)
1004 2999 1080 3086 hoe
1115 2997 1240 3087 facere
1283 3003 1447 3115 capiant
1491 3032 1562 3115 per
1607 2987 1821 3090 dominum
1858 3029 2038 3095 nostrum
2065 3010 2175 3097 Y,¹¹⁰¹¹¹

500 3149 629 3264 Xp.¹²¹¹¹
661 3164 977 3277 recuperatorem
1002 3143 1216 3228 hominum
1243 3139 1377 3272 filium
1404 3163 1524 3229 tuum
1551 3146 1813 3262 unigenitum.
1841 3153 1913 3272 qui
1951 3169 2086 3238 tecum
2113 3159 2172 3238 vi·

506 3296 564 3377 vit
591 3288 822 3375 dominatur
849 3309 890 3373 et
917 3307 1061 3404 regnat
1098 3315 1176 3372 una
1205 3317 1300 3372 cum
1327 3287 1470 3402 spiritu
1496 3308 1629 3373 sancto
1667 3289 1709 3372 in
1755 3288 1885 3375 secula
1922 3283 2158 3380 seculorum.

602 3652 660 3756 (r)
689 3649 793 3746 Quod
815 3651 945 3751 punctis
969 3661 1101 3726 notatur
1125 3649 1298 3726 Canusino
1330 3649 1367 3724 in
1390 3647 1517 3728 Codice
1548 3676 1614 3726 non
1638 3649 1768 3752 legitur.
1813 3652 1925 3731 Facile
1959 3667 2072 3732 tamen
2108 3660 2170 3730 erit

502 3783 714 3884 intelligere,
741 3783 873 3878 ritum,
898 3779 957 3882 qui
982 3779 1164 3881 sequitur,
1190 3792 1352 3883 tantun,
1378 3781 1540 3882 sisponsa
1564 3779 1680 3857 saltem
1704 3782 1839 3883 Virgo,
1867 3783 1953 3861 idest
1976 3813 2043 3860 oon
2061 3787 2172 3864 Vidua

503 3918 623 3988 iterum
651 3907 812 4004 nubens,
838 3918 934 4003 esset,
954 3905 1065 3983 locum
1097 3903 1265 3981 babuisse.
1293 3907 1334 3982 lu
1373 3909 1500 3986 Ordine
1528 3913 1619 3988 enim
1645 3913 1918 4014 Rotlromugensis
1943 3916 2110 3995 Ecclesiae
2134 3948 2172 3994 a·

501 4053 594 4142 perte
618 4049 771 4114 monebit
794 4057 832 4104 =
858 4035 895 4112 Si
919 4061 987 4112 non
1010 4035 1131 4114 fuant
1155 4035 1235 4115 alias
1259 4039 1452 4143 coniugati,
1478 4059 1535 4118 seu
1560 4041 1645 4118 alter
1668 4045 1786 4120 eor'um
1810 4043 1913 4120 fuerit
1945 4049 2141 4148 coniugatus
2164 4109 2175 4148 ,

490 4203 525 4280 ρ
549 4171 626 4271 quia
664 4195 705 4244 eo
738 4191 816 4244 casu
848 4193 912 4243 non
946 4170 1039 4242 fieret
1056 4189 1094 4236 =
1125 4167 1275 4246 Fortasse
1299 4169 1484 4250 Canusinus
1515 4169 1612 4246 Ordo
1645 4197 1685 4245 ex
1721 4171 1838 4248 ritibus
1874 4176 1932 4278 qui
1966 4190 2059 4251 etant
2100 4198 2175 4256 ante

502 4298 666 4392 missam,
693 4309 728 4374 et
750 4296 791 4369 iis
814 4300 872 4397 qui
895 4301 930 4372 in
954 4298 1056 4372 Missa
1080 4323 1147 4372 una
1170 4294 1268 4371 simul
1292 4296 1361 4371 sine
1385 4296 1592 4370 distinctione
1615 4297 1775 4372 conflatus
1799 4300 1871 4374 fuit.
1948 4339 1951 4346 >

602 4426 660 4528 (a)
686 4429 741 4500 Ex
757 4429 839 4502 Mss.
869 4426 1051 4504 Pontificali
1077 4427 1273 4501 Monastetii·
1290 4424 1445 4526 Lyrensis
1454 4424 1541 4524 apud
1559 4426 1775 4502 Marteniumt
1790 4426 1908 4505 :Post
1920 4427 2083 4506 Sanoua
2092 4457 2172 4530 pro-

499 4569 620 4633 sternat
642 4581 677 4631 se
702 4558 738 4628 in
762 4557 970 4652 orationem,
996 4570 1128 4635 extento
1151 4541 1253 4658 pallio
1275 4581 1373 4658 super
1397 4581 1483 4652 eos,
1509 4557 1604 4662 quod
1628 4571 1760 4633 teneant
1784 4571 1928 4664 quotuor
1952 4554 2101 4634 homines
2125 4562 2170 4636 ad

499 4697 639 4786 quatuor
664 4708 800 4757 cornua.

604 4811 656 4915 (*)
680 4813 817 4914 Supple
842 4812 1045 4890 didicerint.
