<?xml version="1.0" encoding="UTF-8"?>
<!DOCTYPE html PUBLIC "-//W3C//DTD XHTML 1.0 Transitional//EN"
    "http://www.w3.org/TR/xhtml1/DTD/xhtml1-transitional.dtd">
<html xmlns="http://www.w3.org/1999/xhtml" xml:lang="en" lang="en">
 <head>
  <title>
</title>
<meta http-equiv="Content-Type" content="text/html;charset=utf-8" />
  <meta name='ocr-system' content='tesseract 3.04.00' />
  <meta name='ocr-capabilities' content='ocr_page ocr_carea ocr_par ocr_line ocrx_word'/>
</head>
<body>
  <div class='ocr_page' id='page_1' title='image "./kalendariaveter00giovgoog_0196.png"; bbox 0 0 4834 6602; ppageno 0'>
   <div class='ocr_carea' id='block_1_1' title="bbox 936 475 1182 618">
    <p class='ocr_par' dir='ltr' id='par_1_1' title="bbox 936 475 1182 618">
     <span class='ocr_line' id='line_1_1' title="bbox 936 475 1182 618; baseline 0 0"><span class='ocrx_word' id='word_1_1' title='bbox 936 475 939 482; x_wconf 56' lang='grc'>’</span> <span class='ocrx_word' id='word_1_2' title='bbox 1017 485 1182 618; x_wconf 64' lang='grc'><em>(73)</em></span> 
     </span>
    </p>
   </div>
   <div class='ocr_carea' id='block_1_2' title="bbox 336 668 1902 794">
    <p class='ocr_par' dir='ltr' id='par_1_2' title="bbox 336 668 1902 794">
     <span class='ocr_line' id='line_1_2' title="bbox 336 668 1902 794; baseline -0.003 -24"><span class='ocrx_word' id='word_1_3' title='bbox 336 686 385 770; x_wconf 84' lang='lat' dir='ltr'><em>Io</em></span> <span class='ocrx_word' id='word_1_4' title='bbox 415 682 613 768; x_wconf 84' lang='lat' dir='ltr'><em>Chronico</em></span> <span class='ocrx_word' id='word_1_5' title='bbox 652 703 815 790; x_wconf 85' lang='lat' dir='ltr'><em>quoque</em></span> <span class='ocrx_word' id='word_1_6' title='bbox 844 668 1095 763; x_wconf 81' lang='lat' dir='ltr'><em>Malleacensi</em></span> <span class='ocrx_word' id='word_1_7' title='bbox 1125 702 1145 754; x_wconf 89' lang='lat' dir='ltr'><em>a</em></span> <span class='ocrx_word' id='word_1_8' title='bbox 1178 669 1373 756; x_wconf 88' lang='lat' dir='ltr'><em>Martenio</em></span> <span class='ocrx_word' id='word_1_9' title='bbox 1403 671 1608 780; x_wconf 86' lang='lat' dir='ltr'><em>iudicato,</em></span> <span class='ocrx_word' id='word_1_10' title='bbox 1637 698 1678 760; x_wconf 80' lang='lat' dir='ltr'><em>et</em></span> <span class='ocrx_word' id='word_1_11' title='bbox 1706 677 1902 794; x_wconf 77' lang='lat' dir='ltr'><em>Papelsro·</em></span> 
     </span>
    </p>
   </div>
   <div class='ocr_carea' id='block_1_3' title="bbox 218 813 1903 1091">
    <p class='ocr_par' dir='ltr' id='par_1_3' title="bbox 218 813 1903 1091">
     <span class='ocr_line' id='line_1_3' title="bbox 218 813 1903 942; baseline -0.013 -24"><span class='ocrx_word' id='word_1_12' title='bbox 218 833 314 920; x_wconf 85' lang='lat' dir='ltr'><em>chio</em></span> <span class='ocrx_word' id='word_1_13' title='bbox 341 828 436 913; x_wconf 88' lang='lat' dir='ltr'><em>haec</em></span> <span class='ocrx_word' id='word_1_14' title='bbox 463 823 595 908; x_wconf 84' lang='lat' dir='ltr'><em>brevis</em></span> <span class='ocrx_word' id='word_1_15' title='bbox 623 817 767 934; x_wconf 83' lang='lat' dir='ltr'><em>legitur</em></span> <span class='ocrx_word' id='word_1_16' title='bbox 796 813 1059 900; x_wconf 67' lang='lat' dir='ltr'><em>adnotatio:</em></span> <span class='ocrx_word' id='word_1_17' title='bbox 1089 815 1210 898; x_wconf 83' lang='lat' dir='ltr'><em>Anno</em></span> <span class='ocrx_word' id='word_1_18' title='bbox 1239 815 1428 907; x_wconf 76' lang='lat' dir='ltr'><em>MCXX</em></span> <span class='ocrx_word' id='word_1_19' title='bbox 1446 818 1498 904; x_wconf 86' lang='lat' dir='ltr'><em>In</em></span> <span class='ocrx_word' id='word_1_20' title='bbox 1528 820 1748 942; x_wconf 69' lang='lat' dir='ltr'><em>Iennakm</em></span> <span class='ocrx_word' id='word_1_21' title='bbox 1786 831 1903 911; x_wconf 63' lang='lat' dir='ltr'><em>vemt</em></span> 
     </span>
     <span class='ocr_line' id='line_1_4' title="bbox 224 957 1758 1091; baseline -0.018 -31"><span class='ocrx_word' id='word_1_22' title='bbox 224 979 332 1091; x_wconf 82' lang='lat' dir='ltr'><em>ignis</em></span> <span class='ocrx_word' id='word_1_23' title='bbox 359 973 461 1054; x_wconf 84' lang='lat' dir='ltr'><em>sient</em></span> <span class='ocrx_word' id='word_1_24' title='bbox 485 969 533 1049; x_wconf 82' lang='lat' dir='ltr'><em>in</em></span> <span class='ocrx_word' id='word_1_25' title='bbox 551 959 757 1056; x_wconf 72' lang='lat' dir='ltr'><em>Pescla</em></span> <span class='ocrx_word' id='word_1_26' title='bbox 739 991 783 1042; x_wconf 85' lang='lat' dir='ltr'><em>m</em></span> <span class='ocrx_word' id='word_1_27' title='bbox 813 957 880 1042; x_wconf 83' lang='lat' dir='ltr'><em>dre</em></span> <span class='ocrx_word' id='word_1_28' title='bbox 908 960 1196 1072; x_wconf 77' lang='lat' dir='ltr'><em>assumptionis</em></span> <span class='ocrx_word' id='word_1_29' title='bbox 1223 957 1363 1040; x_wconf 81' lang='lat' dir='ltr'><em>beatae</em></span> <span class='ocrx_word' id='word_1_30' title='bbox 1391 961 1559 1042; x_wconf 76' lang='lat' dir='ltr'><em>ntorriee.</em></span> <span class='ocrx_word' id='word_1_31' title='bbox 1754 985 1758 988; x_wconf 94' lang='lat'>·</span> 
     </span>
    </p>
   </div>
   <div class='ocr_carea' id='block_1_4' title="bbox 223 1095 1938 4912">
    <p class='ocr_par' dir='ltr' id='par_1_4' title="bbox 223 1095 1917 2054">
     <span class='ocr_line' id='line_1_5' title="bbox 338 1095 1902 1216; baseline -0.006 -20"><span class='ocrx_word' id='word_1_32' title='bbox 338 1111 397 1198; x_wconf 88' lang='lat' dir='ltr'><em>Ut</em></span> <span class='ocrx_word' id='word_1_33' title='bbox 427 1137 520 1195; x_wconf 88' lang='lat' dir='ltr'><em>vero</em></span> <span class='ocrx_word' id='word_1_34' title='bbox 548 1125 673 1190; x_wconf 85' lang='lat' dir='ltr'><em>cetere</em></span> <span class='ocrx_word' id='word_1_35' title='bbox 701 1104 934 1186; x_wconf 88' lang='lat' dir='ltr'><em>omittamus</em></span> <span class='ocrx_word' id='word_1_36' title='bbox 952 1130 975 1182; x_wconf 90' lang='lat' dir='ltr'><em>a</em></span> <span class='ocrx_word' id='word_1_37' title='bbox 995 1099 1227 1184; x_wconf 86' lang='lat' dir='ltr'><em>Clarissimo</em></span> <span class='ocrx_word' id='word_1_38' title='bbox 1256 1095 1453 1182; x_wconf 76' lang='lat' dir='ltr'><em>Messenio</em></span> <span class='ocrx_word' id='word_1_39' title='bbox 1469 1095 1659 1205; x_wconf 86' lang='lat' dir='ltr'><em>iudicata,</em></span> <span class='ocrx_word' id='word_1_40' title='bbox 1686 1099 1797 1188; x_wconf 85' lang='lat' dir='ltr'><em>haud</em></span> <span class='ocrx_word' id='word_1_41' title='bbox 1813 1131 1902 1216; x_wconf 89' lang='lat' dir='ltr'><em>pos·</em></span> 
     </span>
     <span class='ocr_line' id='line_1_6' title="bbox 223 1235 1903 1357; baseline -0.005 -17"><span class='ocrx_word' id='word_1_42' title='bbox 223 1281 365 1342; x_wconf 85' lang='lat' dir='ltr'><em>sumus</em></span> <span class='ocrx_word' id='word_1_43' title='bbox 393 1273 617 1336; x_wconf 87' lang='lat' dir='ltr'><em>sermonem</em></span> <span class='ocrx_word' id='word_1_44' title='bbox 646 1241 801 1328; x_wconf 83' lang='lat' dir='ltr'><em>U1bani</em></span> <span class='ocrx_word' id='word_1_45' title='bbox 831 1241 914 1326; x_wconf 91' lang='lat'><em>11</em></span> <span class='ocrx_word' id='word_1_46' title='bbox 903 1271 947 1326; x_wconf 87' lang='lat' dir='ltr'><em>m</em></span> <span class='ocrx_word' id='word_1_47' title='bbox 974 1237 1158 1326; x_wconf 87' lang='lat' dir='ltr'>Concilio</span> <span class='ocrx_word' id='word_1_48' title='bbox 1185 1235 1585 1346; x_wconf 85' lang='lat' dir='ltr'><em>Claromoutauo,1n</em></span> <span class='ocrx_word' id='word_1_49' title='bbox 1611 1273 1697 1357; x_wconf 91' lang='lat' dir='ltr'><em>quo</em></span> <span class='ocrx_word' id='word_1_50' title='bbox 1724 1245 1821 1330; x_wconf 84' lang='lat' dir='ltr'><em>haec</em></span> <span class='ocrx_word' id='word_1_51' title='bbox 1848 1245 1903 1332; x_wconf 88' lang='lat' dir='ltr'><em>le·</em></span> 
     </span>
     <span class='ocr_line' id='line_1_7' title="bbox 225 1375 1901 1510; baseline -0.006 -32"><span class='ocrx_word' id='word_1_52' title='bbox 225 1413 406 1510; x_wconf 79' lang='lat' dir='ltr'><em>guntur,</em></span> <span class='ocrx_word' id='word_1_53' title='bbox 433 1389 591 1488; x_wconf 82' lang='lat' dir='ltr'><em>silentio</em></span> <span class='ocrx_word' id='word_1_54' title='bbox 620 1384 830 1496; x_wconf 84' lang='lat' dir='ltr'><em>praeterire</em></span> <span class='ocrx_word' id='word_1_55' title='bbox 846 1381 958 1496; x_wconf 72' lang='lat' dir='ltr'><em>:El</em></span> <span class='ocrx_word' id='word_1_56' title='bbox 985 1396 1121 1464; x_wconf 82' lang='lat' dir='ltr'><em>tanren</em></span> <span class='ocrx_word' id='word_1_57' title='bbox 1148 1382 1194 1462; x_wconf 86' lang='lat' dir='ltr'><em>in</em></span> <span class='ocrx_word' id='word_1_58' title='bbox 1221 1375 1289 1462; x_wconf 86' lang='lat' dir='ltr'><em>illo</em></span> <span class='ocrx_word' id='word_1_59' title='bbox 1316 1376 1397 1465; x_wconf 87' lang='lat' dir='ltr'><em>loco</em></span> <span class='ocrx_word' id='word_1_60' title='bbox 1426 1377 1589 1494; x_wconf 83' lang='lat' dir='ltr'><em>(non&#39;</em></span> <span class='ocrx_word' id='word_1_61' title='bbox 1572 1411 1717 1498; x_wconf 77' lang='lat' dir='ltr'><em>ignare</em></span> <span class='ocrx_word' id='word_1_62' title='bbox 1737 1382 1901 1500; x_wconf 83' lang='lat' dir='ltr'><em>loquor)</em></span> 
     </span>
     <span class='ocr_line' id='line_1_8' title="bbox 227 1518 1908 1652; baseline -0.007 -33"><span class='ocrx_word' id='word_1_63' title='bbox 227 1534 425 1652; x_wconf 72' lang='lat' dir='ltr'><em>rcqru&#39;coit</em></span> <span class='ocrx_word' id='word_1_64' title='bbox 454 1529 594 1612; x_wconf 86' lang='lat' dir='ltr'><em>Deus:</em></span> <span class='ocrx_word' id='word_1_65' title='bbox 625 1525 681 1608; x_wconf 80' lang='lat' dir='ltr'><em>iti</em></span> <span class='ocrx_word' id='word_1_66' title='bbox 700 1551 778 1636; x_wconf 83' lang='lat' dir='ltr'><em>pro</em></span> <span class='ocrx_word' id='word_1_67' title='bbox 805 1522 916 1604; x_wconf 80' lang='lat' dir='ltr'><em>nolis</em></span> <span class='ocrx_word' id='word_1_68' title='bbox 945 1537 1123 1606; x_wconf 83' lang='lat' dir='ltr'><em>mortuus</em></span> <span class='ocrx_word' id='word_1_69' title='bbox 1152 1520 1307 1610; x_wconf 74' lang='lat' dir='ltr'><em>esttibi</em></span> <span class='ocrx_word' id='word_1_70' title='bbox 1331 1518 1506 1632; x_wconf 83' lang='lat' dir='ltr'><em>sepultus</em></span> <span class='ocrx_word' id='word_1_71' title='bbox 1533 1537 1602 1612; x_wconf 79' lang='lat' dir='ltr'><em>est.</em></span> <span class='ocrx_word' id='word_1_72' title='bbox 1623 1525 1784 1641; x_wconf 66' lang='lat' dir='ltr'><em>Neque</em></span> <span class='ocrx_word' id='word_1_73' title='bbox 1798 1529 1908 1641; x_wconf 81' lang='lat' dir='ltr'><em>equi·</em></span> 
     </span>
     <span class='ocr_line' id='line_1_9' title="bbox 228 1657 1907 1776; baseline -0.005 -17"><span class='ocrx_word' id='word_1_74' title='bbox 228 1671 323 1759; x_wconf 81' lang='lat' dir='ltr'><em>dem</em></span> <span class='ocrx_word' id='word_1_75' title='bbox 350 1673 407 1754; x_wconf 85' lang='lat' dir='ltr'><em>ibi</em></span> <span class='ocrx_word' id='word_1_76' title='bbox 435 1671 548 1756; x_wconf 85' lang='lat' dir='ltr'><em>Deus</em></span> <span class='ocrx_word' id='word_1_77' title='bbox 575 1664 651 1748; x_wconf 80' lang='lat' dir='ltr'><em>lroc</em></span> <span class='ocrx_word' id='word_1_78' title='bbox 677 1667 890 1746; x_wconf 73' lang='lat' dir='ltr'><em>annuatim</em></span> <span class='ocrx_word' id='word_1_79' title='bbox 922 1664 1205 1776; x_wconf 63' lang='lat' dir='ltr'><em>praetermitti</em></span> <span class='ocrx_word' id='word_1_80' title='bbox 1224 1657 1380 1772; x_wconf 84' lang='lat' dir='ltr'><em>facere</em></span> <span class='ocrx_word' id='word_1_81' title='bbox 1417 1661 1688 1768; x_wconf 73' lang='lat' dir='ltr'><strong><em>miraculum,</em></strong></span> <span class='ocrx_word' id='word_1_82' title='bbox 1729 1668 1907 1762; x_wconf 27' lang='lat' dir='ltr'><em>cum-rin</em></span> 
     </span>
     <span class='ocr_line' id='line_1_10' title="bbox 224 1780 1917 1925; baseline -0.006 -27"><span class='ocrx_word' id='word_1_83' title='bbox 224 1813 367 1898; x_wconf 83' lang='lat' dir='ltr'><em>diebus</em></span> <span class='ocrx_word' id='word_1_84' title='bbox 389 1810 591 1925; x_wconf 77' lang='lat' dir='ltr'><em>passionis</em></span> <span class='ocrx_word' id='word_1_85' title='bbox 619 1836 716 1890; x_wconf 85' lang='lat' dir='ltr'><em>suae</em></span> <span class='ocrx_word' id='word_1_86' title='bbox 745 1806 934 1888; x_wconf 76' lang='lat' dir='ltr'><em>extinctis</em></span> <span class='ocrx_word' id='word_1_87' title='bbox 961 1803 1162 1908; x_wconf 64' lang='lat' dir='ltr'><em>ominbus,</em></span> <span class='ocrx_word' id='word_1_88' title='bbox 1190 1821 1228 1888; x_wconf 85' lang='lat' dir='ltr'><em>et</em></span> <span class='ocrx_word' id='word_1_89' title='bbox 1255 1808 1300 1886; x_wconf 87' lang='lat' dir='ltr'><em>in</em></span> <span class='ocrx_word' id='word_1_90' title='bbox 1328 1780 1542 1917; x_wconf 77' lang='lat' dir='ltr'><em>sepulcro,</em></span> <span class='ocrx_word' id='word_1_91' title='bbox 1579 1809 1690 1890; x_wconf 79' lang='lat' dir='ltr'><em>erin</em></span> <span class='ocrx_word' id='word_1_92' title='bbox 1721 1805 1917 1894; x_wconf 82' lang='lat' dir='ltr'><em>Ecclesia.</em></span> 
     </span>
     <span class='ocr_line' id='line_1_11' title="bbox 229 1929 1909 2054; baseline -0.006 -16"><span class='ocrx_word' id='word_1_93' title='bbox 229 1935 496 2038; x_wconf 71' lang='lat' dir='ltr'><em>arcuntcirca</em></span> <span class='ocrx_word' id='word_1_94' title='bbox 533 1947 746 2034; x_wconf 84' lang='lat' dir='ltr'><em>lunu&#39;nibus</em></span> <span class='ocrx_word' id='word_1_95' title='bbox 772 1945 909 2028; x_wconf 84' lang='lat' dir='ltr'><em>iubare</em></span> <span class='ocrx_word' id='word_1_96' title='bbox 939 1939 1081 2026; x_wconf 78' lang='lat' dir='ltr'><em>diutim</em></span> <span class='ocrx_word' id='word_1_97' title='bbox 1111 1940 1322 2054; x_wconf 71' lang='lat' dir='ltr'><em>loripedes</em></span> <span class='ocrx_word' id='word_1_98' title='bbox 1349 1929 1559 2032; x_wconf 76' lang='lat' dir='ltr'><em>extinctae</em></span> <span class='ocrx_word' id='word_1_99' title='bbox 1574 1943 1909 2032; x_wconf 66' lang='lat' dir='ltr'><strong><em>reaccenduntur.</em></strong></span> 
     </span>
    </p>

    <p class='ocr_par' dir='ltr' id='par_1_5' title="bbox 229 2083 1938 4598">
     <span class='ocr_line' id='line_1_12' title="bbox 348 2083 1912 2200; baseline -0.001 -24"><span class='ocrx_word' id='word_1_100' title='bbox 348 2092 412 2176; x_wconf 88' lang='lat' dir='ltr'><em>Ne</em></span> <span class='ocrx_word' id='word_1_101' title='bbox 440 2119 536 2174; x_wconf 89' lang='lat' dir='ltr'><em>vero</em></span> <span class='ocrx_word' id='word_1_102' title='bbox 563 2091 605 2172; x_wconf 92' lang='lat' dir='ltr'><em>in</em></span> <span class='ocrx_word' id='word_1_103' title='bbox 632 2087 802 2199; x_wconf 83' lang='lat' dir='ltr'><em>longum</em></span> <span class='ocrx_word' id='word_1_104' title='bbox 832 2084 927 2170; x_wconf 84' lang='lat' dir='ltr'><em>haec</em></span> <span class='ocrx_word' id='word_1_105' title='bbox 955 2103 1086 2170; x_wconf 90' lang='lat' dir='ltr'><em>nostra</em></span> <span class='ocrx_word' id='word_1_106' title='bbox 1114 2083 1256 2170; x_wconf 81' lang='lat' dir='ltr'><em>abeant</em></span> <span class='ocrx_word' id='word_1_107' title='bbox 1283 2090 1445 2200; x_wconf 85' lang='lat' dir='ltr'><em>scripta,</em></span> <span class='ocrx_word' id='word_1_108' title='bbox 1473 2086 1626 2172; x_wconf 88' lang='lat' dir='ltr'><em>iuvabit</em></span> <span class='ocrx_word' id='word_1_109' title='bbox 1663 2088 1727 2174; x_wconf 92' lang='lat' dir='ltr'><em>hic</em></span> <span class='ocrx_word' id='word_1_110' title='bbox 1756 2085 1912 2175; x_wconf 86' lang='lat' dir='ltr'><em>addere</em></span> 
     </span>
     <span class='ocr_line' id='line_1_13' title="bbox 229 2221 1912 2349; baseline -0.003 -32"><span class='ocrx_word' id='word_1_111' title='bbox 229 2264 333 2349; x_wconf 88' lang='lat' dir='ltr'><em>quae</em></span> <span class='ocrx_word' id='word_1_112' title='bbox 361 2230 488 2314; x_wconf 86' lang='lat' dir='ltr'><em>multa</em></span> <span class='ocrx_word' id='word_1_113' title='bbox 525 2223 637 2339; x_wconf 87' lang='lat' dir='ltr'><em>apud</em></span> <span class='ocrx_word' id='word_1_114' title='bbox 673 2224 946 2310; x_wconf 87' lang='lat' dir='ltr'><em>doctissimum</em></span> <span class='ocrx_word' id='word_1_115' title='bbox 976 2221 1173 2341; x_wconf 78' lang='lat' dir='ltr'><em>Congium</em></span> <span class='ocrx_word' id='word_1_116' title='bbox 1212 2221 1403 2340; x_wconf 83' lang='lat' dir='ltr'><em>leguntur</em></span> <span class='ocrx_word' id='word_1_117' title='bbox 1431 2226 1541 2310; x_wconf 85' lang='lat' dir='ltr'><strong>Voce</strong></span> <span class='ocrx_word' id='word_1_118' title='bbox 1567 2255 1613 2330; x_wconf 12' lang='lat' dir='ltr'><em>:N</em></span> <span class='ocrx_word' id='word_1_119' title='bbox 1645 2229 1759 2341; x_wconf 83' lang='lat' dir='ltr'><em>Ignis</em></span> <span class='ocrx_word' id='word_1_120' title='bbox 1794 2261 1912 2314; x_wconf 83' lang='lat' dir='ltr'><em>sacer</em></span> 
     </span>
     <span class='ocr_line' id='line_1_14' title="bbox 234 2365 1913 2485; baseline 0.002 -28"><span class='ocrx_word' id='word_1_121' title='bbox 234 2373 680 2485; x_wconf 68' lang='lat' dir='ltr'><em>Hierosolynritanus:</em></span> <span class='ocrx_word' id='word_1_122' title='bbox 710 2367 836 2475; x_wconf 77' lang='lat' dir='ltr'><em>»Quo</em></span> <span class='ocrx_word' id='word_1_123' title='bbox 863 2367 1007 2452; x_wconf 79' lang='lat' dir='ltr'><em>scilicet</em></span> <span class='ocrx_word' id='word_1_124' title='bbox 1034 2365 1134 2450; x_wconf 91' lang='lat' dir='ltr'><em>olim</em></span> <span class='ocrx_word' id='word_1_125' title='bbox 1161 2372 1371 2480; x_wconf 82' lang='lat' dir='ltr'><em>quotannis</em></span> <span class='ocrx_word' id='word_1_126' title='bbox 1398 2367 1712 2478; x_wconf 85' lang='lat' dir='ltr'><em>Hierosolymis,</em></span> <span class='ocrx_word' id='word_1_127' title='bbox 1740 2369 1913 2460; x_wconf 90' lang='lat' dir='ltr'><em>Sabbato</em></span> 
     </span>
     <span class='ocr_line' id='line_1_15' title="bbox 239 2506 1913 2626; baseline 0.003 -33"><span class='ocrx_word' id='word_1_128' title='bbox 239 2552 258 2593; x_wconf 78' lang='lat' dir='ltr'><em>n</em></span> <span class='ocrx_word' id='word_1_129' title='bbox 289 2537 442 2618; x_wconf 86' lang='lat' dir='ltr'><em>sancto,</em></span> <span class='ocrx_word' id='word_1_130' title='bbox 470 2511 671 2626; x_wconf 84' lang='lat' dir='ltr'><em>lampades</em></span> <span class='ocrx_word' id='word_1_131' title='bbox 700 2541 818 2622; x_wconf 89' lang='lat' dir='ltr'><em>supra</em></span> <span class='ocrx_word' id='word_1_132' title='bbox 848 2511 1110 2592; x_wconf 89' lang='lat' dir='ltr'><em>Dominicum</em></span> <span class='ocrx_word' id='word_1_133' title='bbox 1139 2506 1377 2620; x_wconf 87' lang='lat' dir='ltr'><strong>Sepulcrum</strong></span> <span class='ocrx_word' id='word_1_134' title='bbox 1393 2538 1583 2622; x_wconf 78' lang='lat' dir='ltr'><em>appensae</em></span> <span class='ocrx_word' id='word_1_135' title='bbox 1611 2511 1913 2598; x_wconf 76' lang='lat' dir='ltr'><em>suhlroramve</em></span> 
     </span>
     <span class='ocr_line' id='line_1_16' title="bbox 240 2646 1914 2767; baseline -0.002 -30"><span class='ocrx_word' id='word_1_136' title='bbox 240 2698 259 2740; x_wconf 87' lang='lat'>»</span> <span class='ocrx_word' id='word_1_137' title='bbox 291 2659 506 2767; x_wconf 82' lang='lat' dir='ltr'><em>spertiuam</em></span> <span class='ocrx_word' id='word_1_138' title='bbox 535 2653 727 2740; x_wconf 89' lang='lat' dir='ltr'><em>divinitus</em></span> <span class='ocrx_word' id='word_1_139' title='bbox 741 2649 1060 2738; x_wconf 87' lang='lat' dir='ltr'><em>accendebantur.</em></span> <span class='ocrx_word' id='word_1_140' title='bbox 1072 2646 1334 2754; x_wconf 86' lang='lat' dir='ltr'><em>Miruculum,</em></span> <span class='ocrx_word' id='word_1_141' title='bbox 1351 2657 1421 2738; x_wconf 86' lang='lat' dir='ltr'><em>etsi</em></span> <span class='ocrx_word' id='word_1_142' title='bbox 1440 2649 1589 2738; x_wconf 78' lang='lat' dir='ltr'><em>furstra</em></span> <span class='ocrx_word' id='word_1_143' title='bbox 1612 2651 1663 2736; x_wconf 90' lang='lat' dir='ltr'><em>ab</em></span> <span class='ocrx_word' id='word_1_144' title='bbox 1680 2649 1835 2763; x_wconf 82' lang='lat' dir='ltr'><em>aliquot</em></span> <span class='ocrx_word' id='word_1_145' title='bbox 1847 2653 1914 2738; x_wconf 75' lang='lat' dir='ltr'><em>lte·</em></span> 
     </span>
     <span class='ocr_line' id='line_1_17' title="bbox 244 2791 1911 2908; baseline -0.001 -28"><span class='ocrx_word' id='word_1_146' title='bbox 244 2838 277 2890; x_wconf 71' lang='grc' dir='ltr'><em>η,</em></span> <span class='ocrx_word' id='word_1_147' title='bbox 296 2798 496 2884; x_wconf 83' lang='lat' dir='ltr'><em>terodoxis</em></span> <span class='ocrx_word' id='word_1_148' title='bbox 525 2818 853 2898; x_wconf 87' lang='lat' dir='ltr'><em>controversum,</em></span> <span class='ocrx_word' id='word_1_149' title='bbox 883 2792 1056 2880; x_wconf 85' lang='lat' dir='ltr'><em>fulciunt</em></span> <span class='ocrx_word' id='word_1_150' title='bbox 1083 2795 1292 2904; x_wconf 80' lang='lat' dir='ltr'><em>scriptores</em></span> <span class='ocrx_word' id='word_1_151' title='bbox 1320 2791 1471 2908; x_wconf 86' lang='lat' dir='ltr'><em>(atque</em></span> <span class='ocrx_word' id='word_1_152' title='bbox 1489 2800 1531 2880; x_wconf 90' lang='lat' dir='ltr'><em>iu</em></span> <span class='ocrx_word' id='word_1_153' title='bbox 1550 2800 1597 2880; x_wconf 90' lang='lat' dir='ltr'><em>iis</em></span> <span class='ocrx_word' id='word_1_154' title='bbox 1618 2825 1792 2874; x_wconf 65' lang='lat' dir='ltr'><em>erronea·</em></span> <span class='ocrx_word' id='word_1_155' title='bbox 1815 2825 1911 2882; x_wconf 89' lang='lat' dir='ltr'><em>non-</em></span> 
     </span>
     <span class='ocr_line' id='line_1_18' title="bbox 244 2932 1915 3053; baseline -0.001 -35"><span class='ocrx_word' id='word_1_156' title='bbox 244 2977 262 3020; x_wconf 84' lang='lat'>»</span> <span class='ocrx_word' id='word_1_157' title='bbox 295 2939 428 3052; x_wconf 85' lang='lat' dir='ltr'><em>nulli)</em></span> <span class='ocrx_word' id='word_1_158' title='bbox 457 2939 603 3024; x_wconf 85' lang='lat' dir='ltr'><em>scilicet</em></span> <span class='ocrx_word' id='word_1_159' title='bbox 633 2936 782 3020; x_wconf 81' lang='lat' dir='ltr'><em>Auctor</em></span> <span class='ocrx_word' id='word_1_160' title='bbox 811 2933 920 3020; x_wconf 85' lang='lat' dir='ltr'><em>Gest.</em></span> <span class='ocrx_word' id='word_1_161' title='bbox 952 2933 1088 3020; x_wconf 87' lang='lat' dir='ltr'><em>Frauc.</em></span> <span class='ocrx_word' id='word_1_162' title='bbox 1116 2961 1286 3048; x_wconf 85' lang='lat' dir='ltr'><em>expugn.</em></span> <span class='ocrx_word' id='word_1_163' title='bbox 1317 2932 1470 3020; x_wconf 90' lang='lat' dir='ltr'><em>Hieros.</em></span> <span class='ocrx_word' id='word_1_164' title='bbox 1499 2966 1586 3053; x_wconf 84' lang='lat' dir='ltr'><em>pag.</em></span> <span class='ocrx_word' id='word_1_165' title='bbox 1617 2937 1694 3022; x_wconf 82' lang='lat'><em>581</em></span> <span class='ocrx_word' id='word_1_166' title='bbox 1729 2958 1770 3022; x_wconf 86' lang='lat' dir='ltr'><em>et</em></span> <span class='ocrx_word' id='word_1_167' title='bbox 1806 2965 1915 3048; x_wconf 87' lang='lat' dir='ltr'><strong>seqq.</strong></span> 
     </span>
     <span class='ocr_line' id='line_1_19' title="bbox 245 3073 1906 3190; baseline 0 -33"><span class='ocrx_word' id='word_1_168' title='bbox 245 3117 263 3159; x_wconf 86' lang='grc'><em>»»</em></span> <span class='ocrx_word' id='word_1_169' title='bbox 296 3081 533 3190; x_wconf 85' lang='lat' dir='ltr'><em>Anonymus</em></span> <span class='ocrx_word' id='word_1_170' title='bbox 561 3076 613 3162; x_wconf 90' lang='lat' dir='ltr'><em>de</em></span> <span class='ocrx_word' id='word_1_171' title='bbox 644 3077 756 3161; x_wconf 81' lang='lat' dir='ltr'><em>[ocis</em></span> <span class='ocrx_word' id='word_1_172' title='bbox 783 3073 979 3158; x_wconf 86' lang='lat' dir='ltr'><em>Hierosol.</em></span> <span class='ocrx_word' id='word_1_173' title='bbox 1007 3103 1118 3158; x_wconf 90' lang='lat' dir='ltr'><em>num.</em></span> <span class='ocrx_word' id='word_1_174' title='bbox 1153 3105 1186 3177; x_wconf 86' lang='lat'><em>1,</em></span> <span class='ocrx_word' id='word_1_175' title='bbox 1216 3073 1439 3162; x_wconf 85' lang='lat' dir='ltr'><em>Bernardus</em></span> <span class='ocrx_word' id='word_1_176' title='bbox 1467 3078 1684 3166; x_wconf 84' lang='lat' dir='ltr'><em>Monachus</em></span> <span class='ocrx_word' id='word_1_177' title='bbox 1712 3083 1755 3164; x_wconf 90' lang='lat' dir='ltr'><em>in</em></span> <span class='ocrx_word' id='word_1_178' title='bbox 1773 3077 1906 3168; x_wconf 87' lang='lat' dir='ltr'><em>Itiner.</em></span> 
     </span>
     <span class='ocr_line' id='line_1_20' title="bbox 246 3212 1910 3334; baseline 0.005 -38"><span class='ocrx_word' id='word_1_179' title='bbox 246 3256 264 3296; x_wconf 88' lang='grc'><em>»»</em></span> <span class='ocrx_word' id='word_1_180' title='bbox 296 3219 342 3302; x_wconf 88' lang='lat' dir='ltr'><em>T.</em></span> <span class='ocrx_word' id='word_1_181' title='bbox 370 3221 407 3303; x_wconf 91' lang='lat' dir='ltr'><em>S.</em></span> <span class='ocrx_word' id='word_1_182' title='bbox 437 3249 531 3330; x_wconf 82' lang='lat' dir='ltr'><em>cap.-</em></span> <span class='ocrx_word' id='word_1_183' title='bbox 556 3249 612 3320; x_wconf 86' lang='lat' dir='ltr'><em>ro,</em></span> <span class='ocrx_word' id='word_1_184' title='bbox 642 3215 724 3300; x_wconf 90' lang='lat' dir='ltr'><em>Leo</em></span> <span class='ocrx_word' id='word_1_185' title='bbox 753 3212 939 3298; x_wconf 76' lang='lat' dir='ltr'><em>Ostiensis</em></span> <span class='ocrx_word' id='word_1_186' title='bbox 968 3214 1035 3300; x_wconf 89' lang='lat' dir='ltr'><em>lib.</em></span> <span class='ocrx_word' id='word_1_187' title='bbox 1066 3216 1105 3320; x_wconf 88' lang='grc'><em>3,</em></span> <span class='ocrx_word' id='word_1_188' title='bbox 1133 3246 1214 3330; x_wconf 85' lang='lat' dir='ltr'><em>cap.</em></span> <span class='ocrx_word' id='word_1_189' title='bbox 1245 3218 1316 3324; x_wconf 86' lang='lat'><em>30,</em></span> <span class='ocrx_word' id='word_1_190' title='bbox 1330 3219 1480 3306; x_wconf 88' lang='lat' dir='ltr'><em>Glaber</em></span> <span class='ocrx_word' id='word_1_191' title='bbox 1508 3219 1745 3334; x_wconf 78' lang='lat' dir='ltr'><em>liudulphus</em></span> <span class='ocrx_word' id='word_1_192' title='bbox 1774 3220 1843 3305; x_wconf 70' lang='lat' dir='ltr'><em>lila</em></span> <span class='ocrx_word' id='word_1_193' title='bbox 1869 3219 1910 3321; x_wconf 73' lang='grc'><em>4,</em></span> 
     </span>
     <span class='ocr_line' id='line_1_21' title="bbox 247 3355 1935 3472; baseline 0.006 -37"><span class='ocrx_word' id='word_1_194' title='bbox 247 3394 265 3436; x_wconf 86' lang='grc'><em>»»</em></span> <span class='ocrx_word' id='word_1_195' title='bbox 300 3389 381 3470; x_wconf 85' lang='lat' dir='ltr'><em>cap.</em></span> <span class='ocrx_word' id='word_1_196' title='bbox 419 3363 458 3464; x_wconf 85' lang='lat'><em>6,</em></span> <span class='ocrx_word' id='word_1_197' title='bbox 487 3355 711 3442; x_wconf 81' lang='lat' dir='ltr'><em>Clrrouicon</em></span> <span class='ocrx_word' id='word_1_198' title='bbox 741 3357 968 3440; x_wconf 84' lang='lat' dir='ltr'><em>lllonosterii</em></span> <span class='ocrx_word' id='word_1_199' title='bbox 998 3358 1049 3444; x_wconf 88' lang='lat' dir='ltr'><em>de</em></span> <span class='ocrx_word' id='word_1_200' title='bbox 1077 3355 1110 3436; x_wconf 93' lang='lat' dir='ltr'>F</span> <span class='ocrx_word' id='word_1_201' title='bbox 1112 3361 1263 3442; x_wconf 82' lang='lat' dir='ltr'><em>outonis</em></span> <span class='ocrx_word' id='word_1_202' title='bbox 1301 3389 1382 3472; x_wconf 85' lang='lat' dir='ltr'><em>cap.</em></span> <span class='ocrx_word' id='word_1_203' title='bbox 1423 3364 1464 3464; x_wconf 82' lang='grc'><em>4,</em></span> <span class='ocrx_word' id='word_1_204' title='bbox 1500 3362 1697 3447; x_wconf 87' lang='lat' dir='ltr'><em>Willelm.</em></span> <span class='ocrx_word' id='word_1_205' title='bbox 1745 3361 1935 3445; x_wconf 52' lang='lat' dir='ltr'><em>Matheo</em></span> 
     </span>
     <span class='ocr_line' id='line_1_22' title="bbox 246 3489 1927 3621; baseline 0.01 -53"><span class='ocrx_word' id='word_1_206' title='bbox 246 3527 264 3568; x_wconf 77' lang='lat' dir='ltr'><em>n</em></span> <span class='ocrx_word' id='word_1_207' title='bbox 297 3493 411 3609; x_wconf 83' lang='lat' dir='ltr'><strong>burg.</strong></span> <span class='ocrx_word' id='word_1_208' title='bbox 440 3493 562 3596; x_wconf 66' lang='lat' dir='ltr'><em>libri</em></span> <span class='ocrx_word' id='word_1_209' title='bbox 607 3490 710 3574; x_wconf 87' lang='lat' dir='ltr'><em>Hist.</em></span> <span class='ocrx_word' id='word_1_210' title='bbox 735 3489 849 3604; x_wconf 83' lang='lat' dir='ltr'><em>Angt.</em></span> <span class='ocrx_word' id='word_1_211' title='bbox 880 3526 969 3612; x_wconf 86' lang='lat' dir='ltr'><em>pag.</em></span> <span class='ocrx_word' id='word_1_212' title='bbox 1009 3500 1094 3600; x_wconf 70' lang='lat'><strong>140,</strong></span> <span class='ocrx_word' id='word_1_213' title='bbox 1117 3501 1209 3614; x_wconf 71' lang='grc'>147,</span> <span class='ocrx_word' id='word_1_214' title='bbox 1237 3499 1675 3617; x_wconf 82' lang='lat' dir='ltr'><em>HugoFlaviuiaoeusis</em></span> <span class='ocrx_word' id='word_1_215' title='bbox 1703 3534 1788 3621; x_wconf 84' lang='lat' dir='ltr'><em>pag.</em></span> <span class='ocrx_word' id='word_1_216' title='bbox 1825 3499 1927 3616; x_wconf 72' lang='grc'>178,</span> 
     </span>
     <span class='ocr_line' id='line_1_23' title="bbox 247 3625 1914 3760; baseline 0.009 -46"><span class='ocrx_word' id='word_1_217' title='bbox 247 3665 266 3706; x_wconf 79' lang='lat' dir='ltr'><em>u</em></span> <span class='ocrx_word' id='word_1_218' title='bbox 300 3633 506 3716; x_wconf 87' lang='lat' dir='ltr'><em>Albericus</em></span> <span class='ocrx_word' id='word_1_219' title='bbox 536 3634 577 3713; x_wconf 89' lang='lat' dir='ltr'><em>in</em></span> <span class='ocrx_word' id='word_1_220' title='bbox 605 3625 751 3714; x_wconf 83' lang='lat' dir='ltr'><em>Clrron.</em></span> <span class='ocrx_word' id='word_1_221' title='bbox 781 3634 873 3716; x_wconf 85' lang='lat' dir='ltr'><em>Mss.</em></span> <span class='ocrx_word' id='word_1_222' title='bbox 892 3665 954 3718; x_wconf 85' lang='lat' dir='ltr'><em>au</em></span> <span class='ocrx_word' id='word_1_223' title='bbox 975 3666 1078 3750; x_wconf 77' lang='lat'><strong>970,</strong></span> <span class='ocrx_word' id='word_1_224' title='bbox 1093 3659 1135 3722; x_wconf 88' lang='lat' dir='ltr'><em>ct</em></span> <span class='ocrx_word' id='word_1_225' title='bbox 1162 3637 1387 3724; x_wconf 87' lang='lat' dir='ltr'><em>Chronioon</em></span> <span class='ocrx_word' id='word_1_226' title='bbox 1408 3639 1611 3728; x_wconf 83' lang='lat' dir='ltr'><em>Andrense</em></span> <span class='ocrx_word' id='word_1_227' title='bbox 1630 3675 1717 3760; x_wconf 84' lang='lat' dir='ltr'><em>pag.</em></span> <span class='ocrx_word' id='word_1_228' title='bbox 1747 3643 1854 3748; x_wconf 70' lang='lat'><strong>465,</strong></span> <span class='ocrx_word' id='word_1_229' title='bbox 1872 3647 1914 3729; x_wconf 94' lang='lat' dir='ltr'><em>in</em></span> 
     </span>
     <span class='ocr_line' id='line_1_24' title="bbox 248 3777 1916 3892; baseline 0.012 -44"><span class='ocrx_word' id='word_1_230' title='bbox 248 3807 267 3850; x_wconf 85' lang='grc'><em>»»</em></span> <span class='ocrx_word' id='word_1_231' title='bbox 299 3803 386 3888; x_wconf 88' lang='lat' dir='ltr'><em>quo</em></span> <span class='ocrx_word' id='word_1_232' title='bbox 404 3805 529 3874; x_wconf 63' lang='lat' dir='ltr'><em>⁴sacer·</em></span> <span class='ocrx_word' id='word_1_233' title='bbox 557 3778 662 3887; x_wconf 71' lang='lat' dir='ltr'><em>ignis</em></span> <span class='ocrx_word' id='word_1_234' title='bbox 688 3797 963 3887; x_wconf 81' lang='lat' dir='ltr'><em>nuncupatur,</em></span> <span class='ocrx_word' id='word_1_235' title='bbox 981 3809 1066 3892; x_wconf 90' lang='lat' dir='ltr'><em>quo</em></span> <span class='ocrx_word' id='word_1_236' title='bbox 1094 3777 1304 3892; x_wconf 85' lang='lat' dir='ltr'><em>lampades.</em></span> <span class='ocrx_word' id='word_1_237' title='bbox 1312 3781 1591 3868; x_wconf 88' lang='lat' dir='ltr'><em>accenduntur.</em></span> <span class='ocrx_word' id='word_1_238' title='bbox 1614 3785 1663 3868; x_wconf 87' lang='lat' dir='ltr'><em>lu</em></span> <span class='ocrx_word' id='word_1_239' title='bbox 1680 3781 1916 3868; x_wconf 82' lang='lat' dir='ltr'><em>kalendario</em></span> 
     </span>
     <span class='ocr_line' id='line_1_25' title="bbox 247 3911 1933 4040; baseline 0.01 -50"><span class='ocrx_word' id='word_1_240' title='bbox 247 3952 265 3992; x_wconf 72' lang='lat' dir='ltr'><em>n</em></span> <span class='ocrx_word' id='word_1_241' title='bbox 298 3915 586 3998; x_wconf 85' lang='lat' dir='ltr'><em>Maronitarum</em></span> <span class='ocrx_word' id='word_1_242' title='bbox 614 3911 722 4024; x_wconf 87' lang='lat' dir='ltr'><em>apud</em></span> <span class='ocrx_word' id='word_1_243' title='bbox 750 3913 943 3999; x_wconf 87' lang='lat' dir='ltr'><em>Allatium</em></span> <span class='ocrx_word' id='word_1_244' title='bbox 972 3920 1014 4000; x_wconf 91' lang='lat' dir='ltr'><em>in</em></span> <span class='ocrx_word' id='word_1_245' title='bbox 1042 3919 1270 4028; x_wconf 88' lang='lat' dir='ltr'><em>Symmictis</em></span> <span class='ocrx_word' id='word_1_246' title='bbox 1297 3951 1385 4040; x_wconf 81' lang='lat' dir='ltr'><em>pag.</em></span> <span class='ocrx_word' id='word_1_247' title='bbox 1416 3925 1517 4008; x_wconf 82' lang='lat'>301:</span> <span class='ocrx_word' id='word_1_248' title='bbox 1548 3925 1705 4010; x_wconf 71' lang='lat' dir='ltr'><em>Scribat.</em></span> <span class='ocrx_word' id='word_1_249' title='bbox 1733 3928 1840 4040; x_wconf 79' lang='lat' dir='ltr'><em>ignis</em></span> <span class='ocrx_word' id='word_1_250' title='bbox 1863 3929 1933 4008; x_wconf 85' lang='lat' dir='ltr'><em>ie·-</em></span> 
     </span>
     <span class='ocr_line' id='line_1_26' title="bbox 247 4055 1918 4178; baseline 0.01 -47"><span class='ocrx_word' id='word_1_251' title='bbox 247 4091 265 4132; x_wconf 78' lang='lat' dir='ltr'><em>s</em></span> <span class='ocrx_word' id='word_1_252' title='bbox 278 4109 282 4120; x_wconf 86' lang='lat'><em>-</em></span> <span class='ocrx_word' id='word_1_253' title='bbox 297 4059 428 4158; x_wconf 78' lang='lat' dir='ltr'><em>urnii,</em></span> <span class='ocrx_word' id='word_1_254' title='bbox 456 4055 674 4141; x_wconf 84' lang='lat' dir='ltr'><em>Sabbatum</em></span> <span class='ocrx_word' id='word_1_255' title='bbox 702 4077 914 4162; x_wconf 88' lang='lat' dir='ltr'><em>sanctum,</em></span> <span class='ocrx_word' id='word_1_256' title='bbox 944 4090 1030 4174; x_wconf 90' lang='lat' dir='ltr'><em>quo</em></span> <span class='ocrx_word' id='word_1_257' title='bbox 1066 4063 1167 4178; x_wconf 84' lang='lat' dir='ltr'><em>ignis</em></span> <span class='ocrx_word' id='word_1_258' title='bbox 1205 4060 1269 4146; x_wconf 81' lang='lat' dir='ltr'><em>vel</em></span> <span class='ocrx_word' id='word_1_259' title='bbox 1307 4061 1495 4176; x_wconf 88' lang='lat' dir='ltr'><em>splendor</em></span> <span class='ocrx_word' id='word_1_260' title='bbox 1534 4061 1694 4150; x_wconf 87' lang='lat' dir='ltr'><em>divinus</em></span> <span class='ocrx_word' id='word_1_261' title='bbox 1731 4092 1918 4176; x_wconf 85' lang='lat' dir='ltr'><em>apparere</em></span> 
     </span>
     <span class='ocr_line' id='line_1_27' title="bbox 247 4197 1938 4317; baseline 0.009 -44"><span class='ocrx_word' id='word_1_262' title='bbox 247 4197 446 4281; x_wconf 80' lang='lat' dir='ltr'><em>»solebat</em></span> <span class='ocrx_word' id='word_1_263' title='bbox 473 4227 593 4310; x_wconf 87' lang='lat' dir='ltr'><em>supra</em></span> <span class='ocrx_word' id='word_1_264' title='bbox 621 4198 848 4310; x_wconf 89' lang='lat' dir='ltr'><em>sepulcrum</em></span> <span class='ocrx_word' id='word_1_265' title='bbox 876 4200 1043 4286; x_wconf 90' lang='lat' dir='ltr'><em>Domini</em></span> <span class='ocrx_word' id='word_1_266' title='bbox 1077 4207 1120 4288; x_wconf 91' lang='lat' dir='ltr'><em>in</em></span> <span class='ocrx_word' id='word_1_267' title='bbox 1148 4201 1300 4314; x_wconf 83' lang='lat' dir='ltr'><em>templo</em></span> <span class='ocrx_word' id='word_1_268' title='bbox 1329 4203 1713 4313; x_wconf 68' lang='lat' dir='ltr'><em>Hierosolymam,</em></span> <span class='ocrx_word' id='word_1_269' title='bbox 1732 4207 1938 4317; x_wconf 77' lang='lat' dir='ltr'><em>interpre-</em></span> 
     </span>
     <span class='ocr_line' id='line_1_28' title="bbox 248 4339 1918 4460; baseline 0.002 -36"><span class='ocrx_word' id='word_1_270' title='bbox 248 4375 266 4424; x_wconf 73' lang='grc' dir='ltr'><strong>υ</strong></span> <span class='ocrx_word' id='word_1_271' title='bbox 299 4361 407 4425; x_wconf 87' lang='lat' dir='ltr'><em>tatur</em></span> <span class='ocrx_word' id='word_1_272' title='bbox 448 4339 612 4426; x_wconf 87' lang='lat' dir='ltr'><em>Gabriel</em></span> <span class='ocrx_word' id='word_1_273' title='bbox 650 4339 807 4426; x_wconf 89' lang='lat' dir='ltr'><em>Sionita.</em></span> <span class='ocrx_word' id='word_1_274' title='bbox 834 4342 914 4427; x_wconf 88' lang='lat' dir='ltr'><em>Sed</em></span> <span class='ocrx_word' id='word_1_275' title='bbox 952 4364 993 4428; x_wconf 89' lang='lat' dir='ltr'><em>et</em></span> <span class='ocrx_word' id='word_1_276' title='bbox 1027 4341 1164 4430; x_wconf 88' lang='lat' dir='ltr'><em>scribit</em></span> <span class='ocrx_word' id='word_1_277' title='bbox 1192 4341 1440 4426; x_wconf 89' lang='lat' dir='ltr'><em>Willielmus</em></span> <span class='ocrx_word' id='word_1_278' title='bbox 1478 4341 1688 4460; x_wconf 83' lang='lat' dir='ltr'><em>Dugdalus</em></span> <span class='ocrx_word' id='word_1_279' title='bbox 1725 4348 1766 4428; x_wconf 89' lang='lat' dir='ltr'><em>in</em></span> <span class='ocrx_word' id='word_1_280' title='bbox 1804 4344 1918 4428; x_wconf 83' lang='lat' dir='ltr'><em>Arni-</em></span> 
     </span>
     <span class='ocr_line' id='line_1_29' title="bbox 252 4481 1914 4598; baseline -0.001 -34"><span class='ocrx_word' id='word_1_281' title='bbox 252 4515 270 4556; x_wconf 81' lang='lat'>»</span> <span class='ocrx_word' id='word_1_282' title='bbox 301 4485 441 4598; x_wconf 79' lang='lat' dir='ltr'><em>quirat.</em></span> <span class='ocrx_word' id='word_1_283' title='bbox 473 4481 766 4566; x_wconf 80' lang='lat' dir='ltr'><em>Warwioeusis&#39;</em></span> <span class='ocrx_word' id='word_1_284' title='bbox 780 4481 1028 4589; x_wconf 79' lang='lat' dir='ltr'><em>Provinciae,</em></span> <span class='ocrx_word' id='word_1_285' title='bbox 1047 4491 1090 4569; x_wconf 92' lang='lat' dir='ltr'><em>iu</em></span> <span class='ocrx_word' id='word_1_286' title='bbox 1119 4483 1293 4572; x_wconf 79' lang='lat' dir='ltr'><em>Ecclesia</em></span> <span class='ocrx_word' id='word_1_287' title='bbox 1322 4485 1583 4568; x_wconf 85' lang='lat' dir='ltr'><em>Worwiceusi</em></span> <span class='ocrx_word' id='word_1_288' title='bbox 1611 4491 1712 4570; x_wconf 88' lang='lat' dir='ltr'><em>inter</em></span> <span class='ocrx_word' id='word_1_289' title='bbox 1731 4487 1914 4598; x_wconf 69' lang='lat' dir='ltr'><em>reliquias</em></span> 
     </span>
    </p>

    <p class='ocr_par' dir='ltr' id='par_1_6' title="bbox 253 4625 1916 4912">
     <span class='ocr_line' id='line_1_30' title="bbox 253 4625 1916 4744; baseline 0.003 -38.123"><span class='ocrx_word' id='word_1_290' title='bbox 253 4625 401 4708; x_wconf 81' lang='lat' dir='ltr'><em>»olim</em></span> <span class='ocrx_word' id='word_1_291' title='bbox 429 4645 669 4710; x_wconf 80' lang='lat' dir='ltr'><em>asservamm</em></span> <span class='ocrx_word' id='word_1_292' title='bbox 703 4625 881 4711; x_wconf 72' lang='lat' dir='ltr'><em>Olerm</em></span> <span class='ocrx_word' id='word_1_293' title='bbox 869 4653 910 4710; x_wconf 89' lang='lat' dir='ltr'><em>m</em></span> <span class='ocrx_word' id='word_1_294' title='bbox 939 4659 1024 4744; x_wconf 87' lang='lat' dir='ltr'><em>quo</em></span> <span class='ocrx_word' id='word_1_295' title='bbox 1050 4629 1160 4710; x_wconf 79' lang='lat' dir='ltr'><em>veuit</em></span> <span class='ocrx_word' id='word_1_296' title='bbox 1188 4629 1288 4740; x_wconf 84' lang='lat' dir='ltr'><em>ignis</em></span> <span class='ocrx_word' id='word_1_297' title='bbox 1318 4629 1358 4708; x_wconf 88' lang='lat' dir='ltr'><em>in</em></span> <span class='ocrx_word' id='word_1_298' title='bbox 1389 4625 1523 4742; x_wconf 76' lang='lat' dir='ltr'><em>vigilia</em></span> <span class='ocrx_word' id='word_1_299' title='bbox 1556 4628 1718 4710; x_wconf 76' lang='lat' dir='ltr'><em>lascehr</em></span> <span class='ocrx_word' id='word_1_300' title='bbox 1748 4627 1798 4708; x_wconf 66' lang='lat' dir='ltr'><em>lle</em></span> <span class='ocrx_word' id='word_1_301' title='bbox 1833 4659 1916 4710; x_wconf 79' lang='lat' dir='ltr'><em>coe</em></span> 
     </span>
     <span class='ocr_line' id='line_1_31' title="bbox 253 4760 1914 4912; baseline -0.001 -66.968"><span class='ocrx_word' id='word_1_302' title='bbox 253 4760 358 4846; x_wconf 82' lang='lat' dir='ltr'><em>»lo</em></span> <span class='ocrx_word' id='word_1_303' title='bbox 390 4761 506 4848; x_wconf 87' lang='lat' dir='ltr'><em>Adde</em></span> <span class='ocrx_word' id='word_1_304' title='bbox 535 4763 610 4871; x_wconf 82' lang='lat' dir='ltr'><em>alia</em></span> <span class='ocrx_word' id='word_1_305' title='bbox 637 4789 907 4884; x_wconf 82' lang='lat' dir='ltr'><em>suggerentes,</em></span> <span class='ocrx_word' id='word_1_306' title='bbox 956 4767 1131 4857; x_wconf 76' lang='lat' dir='ltr'><em>leonem</em></span> <span class='ocrx_word' id='word_1_307' title='bbox 1160 4765 1355 4878; x_wconf 87' lang='lat' dir='ltr'><em>Allatium</em></span> <span class='ocrx_word' id='word_1_308' title='bbox 1396 4763 1462 4850; x_wconf 80' lang='lat' dir='ltr'><em>lih</em></span> <span class='ocrx_word' id='word_1_309' title='bbox 1492 4765 1513 4848; x_wconf 93' lang='lat' dir='ltr'><em>l</em></span> <span class='ocrx_word' id='word_1_310' title='bbox 1542 4764 1595 4852; x_wconf 82' lang='lat' dir='ltr'><em>de</em></span> <span class='ocrx_word' id='word_1_311' title='bbox 1624 4768 1914 4912; x_wconf 59' lang='lat' dir='ltr'><em>opinationibus</em></span> 
     </span>
    </p>
   </div>
   <div class='ocr_carea' id='block_1_5' title="bbox 252 4869 1914 5104">
    <p class='ocr_par' dir='ltr' id='par_1_7' title="bbox 252 4869 1914 5104">
     <span class='ocr_line' id='line_1_32' title="bbox 252 4869 1914 5025; baseline 0.005 -35.256"><span class='ocrx_word' id='word_1_312' title='bbox 252 4903 548 4995; x_wconf 79' lang='lat' dir='ltr'><em>»Graecorum</em></span> <span class='ocrx_word' id='word_1_313' title='bbox 575 4937 683 4995; x_wconf 89' lang='lat' dir='ltr'><em>uum.</em></span> <span class='ocrx_word' id='word_1_314' title='bbox 715 4907 778 5010; x_wconf 82' lang='lat'><em>30,</em></span> <span class='ocrx_word' id='word_1_315' title='bbox 808 4906 1051 4996; x_wconf 84' lang='lat' dir='ltr'><em>Richardum</em></span> <span class='ocrx_word' id='word_1_316' title='bbox 1094 4907 1147 4994; x_wconf 91' lang='lat' dir='ltr'><em>de</em></span> <span class='ocrx_word' id='word_1_317' title='bbox 1177 4869 1313 4995; x_wconf 79' lang='lat' dir='ltr'><em>Insula</em></span> <span class='ocrx_word' id='word_1_318' title='bbox 1341 4907 1379 4992; x_wconf 89' lang='lat' dir='ltr'><em>S.</em></span> <span class='ocrx_word' id='word_1_319' title='bbox 1400 4907 1533 4994; x_wconf 89' lang='lat' dir='ltr'><em>lreues</em></span> <span class='ocrx_word' id='word_1_320' title='bbox 1561 4939 1646 5025; x_wconf 80' lang='lat' dir='ltr'><em>pag</em></span> <span class='ocrx_word' id='word_1_321' title='bbox 1682 4905 1914 5021; x_wconf 59' lang='grc' dir='ltr'><em>»57011τί-</em></span> 
     </span>
     <span class='ocr_line' id='line_1_33' title="bbox 1412 5055 1458 5104; baseline -0.043 0"><span class='ocrx_word' id='word_1_322' title='bbox 1412 5055 1458 5104; x_wconf 87' lang='lat'><em>10</em></span> 
     </span>
    </p>
   </div>
   <div class='ocr_carea' id='block_1_6' title="bbox 0 0 2435 6596">
    <p class='ocr_par' dir='ltr' id='par_1_8' title="bbox 0 0 2435 6596">
     <span class='ocr_line' id='line_1_34' title="bbox 0 0 2435 6596; baseline 0 0"><span class='ocrx_word' id='word_1_323' title='bbox 0 0 2435 6596; x_wconf 95' lang='lat' dir='ltr'><em> </em></span> 
     </span>
    </p>
   </div>
  </div>
 </body>
</html>
