4914 6610
1106 548 1120 601 1
1159 517 1229 631 r)

414 641 650 772 Non'facite
677 711 773 772 vero
801 683 982 770 hariolari
1012 516 1088 773 erit
1106 551 1324 792 ,lubinanr
1352 687 1473 774 suerit
1504 649 1695 802 Olympia
1723 685 1815 789 illa,
1843 715 1925 800 quo
1947 718 1977 772 ¹e

103 915 112 924 ,
195 845 197 850 ’
290 827 500 940 Suggicmo
535 831 676 946 exiens
704 825 867 910 Sanctus
913 821 1140 912 adolescens
1165 831 1382 941 vpervenire
1425 823 1582 912 dicitur.
1616 824 1727 934 Quid
1763 850 1895 912 tamen
1932 830 1974 910 in

299 987 479 1052 mentem
523 969 676 1051 venerit
722 960 853 1050 dicere
901 993 984 1048 non
1033 969 1150 1080 piget.
1178 965 1391 1052 Occasione
1430 965 1648 1079 Olympiae
1676 973 1826 1054 mentio
1868 970 1911 1050 in
1938 995 1977 1047 a·

300 1110 378 1196 ctis
425 1106 592 1190 babetur
639 1108 864 1189 monasterii
914 1107 953 1191 S.
1004 1097 1245 1209 Laurentii,
1298 1125 1338 1190 et
1385 1101 1581 1188 Ecclesiae
1627 1103 1981 1208 &zachariam

297 1275 425 1360 quam
463 1248 625 1328 intrasse
652 1243 816 1328 Sanctus
861 1242 1024 1330 dicitur.
1053 1244 1199 1352 Quum
1237 1275 1333 1330 vero
1367 1248 1409 1328 in
1457 1245 1587 1348 Vico,
1626 1247 1699 1358 qui
1739 1241 1857 1328 hodie
1891 1243 2002 1328 Lis-¹

296 1384 454 1474 zanetto
480 1405 666 1488 vocatur,
696 1388 815 1470 unius
853 1383 935 1470 fere
972 1383 1057 1472 diei
1094 1389 1231 1472 itinere
1258 1417 1281 1468 a
1310 1386 1513 1501 Suggr'ar'w
1549 1383 1738 1490 distante,
1776 1385 1977 1470 celeberri-

298 1553 390 1608 mus
419 1523 568 1626 fuerit,
595 1547 634 1608 et
662 1528 714 1608 sit
751 1520 883 1612 adhuc
914 1527 953 1611 S.
989 1527 1203 1612 Laurentii
1239 1525 1372 1614 cultus
1393 1545 1412 1631 ‚'
1433 1556 1643 1642 quumque
1672 1525 1858 1612 milliario
1893 1553 1977 1620 runo

292 1697 315 1750 a
348 1665 448 1750 Vico
463 1663 677 1777 praedicto
709 1660 888 1750 AEdicula
916 1663 1049 1750 adhuc
1091 1671 1145 1752 sit
1173 1672 1335 1754 nomine
1363 1669 1404 1753 S.
1433 1670 1667 1770 Laurentii,
1695 1687 1735 1750 et
1773 1696 1903 1780 prope
1928 1665 1976 1754 il·

300 1807 383 1922 lam
415 1799 556 1886 rudera
586 1800 789 1910 amplioris
818 1799 1044 1906 Ecclesiae,
1073 1823 1112 1888 et
1147 1801 1419 1892 aedificiorum
1449 1807 1510 1890 illi
1538 1807 1816 1918 proximorum
1843 1801 1975 1890 adhuc

292 1943 556 2044 remaneant,
584 1951 702 2052 proni
734 1948 776 2026 in
806 1969 901 2038 earn¹
922 1939 1201 2038 descendimus
1219 1949 1467 2058 opinionem,
1482 1945 1561 2034 illic
1580 1947 1766 2030 Sanctum
1795 1971 1973 2054 perman-

294 2091 419 2192 sisse,
448 2107 489 2171 et
518 2085 613 2172 inde
642 2087 820 2196 Lycium
848 2079 977 2168 tribus
1007 2081 1088 2169 fere
1117 2085 1353 2172 milliaribus
1379 2117 1403 2168 a
1432 2085 1673 2175 Lizzaaetto
1698 2081 1848 2172 distans
1886 2117 1973 2198 perv

298 2230 460 2318 vertisse.
489 2227 574 2330 lbi,
604 2227 730 2345 Lycii
762 2219 934 2322 scilicet,
974 2224 1027 2304 iu·
1045 2223 1218 2312 Ecclesia
1250 2229 1521 2348 Synaos-tt
1544 2227 1735 2312 Sanctum
1782 2229 1972 2314 habitasse

298 2369 516 2472 scribitur,
543 2397 645 2481 quae
674 2367 814 2477 utique
842 2377 968 2448 exstat
987 2361 1119 2450 adhuc
1137 2366 1259 2454 bodie
1287 2366 1401 2478 Lycii
1430 2365 1602 2456 Ecclesia
1618 2367 1658 2452 S.
1678 2367 1877 2452 Demetrii
1902 2396 1971 2451 no.-

292 2509 395 2602 mini
422 2503 547 2595 dicata
574 2509 674 2590 intra
702 2535 869 2613 muros,
900 2533 980 2592 non
1010 2535 1107 2592 vero
1127 2527 1246 2612 extra,
1263 2527 1311 2590 ut
1342 2506 1441 2594 olim
1478 2527 1573 2602 erat,
1603 2505 1744 2613 Quum
1770 2528 1904 2593 autem
1932 2505 1972 2592 S.

292 2647 495 2742 Demetrii
520 2650 669 2730 mentio
694 2646 811 2732 lacta
845 2654 921 2752 sit,
951 2651 1062 2756 iuvat
1107 2639 1294 2730 adnotare
1335 2638 1374 2724 S.
1404 2639 1606 2734 Denretrit'
1630 2635 1777 2720 festum
1805 2636 1970 2726 celebrer

292 2808 383 2872 tum
402 2785 522 2875 fuisse
539 2788 655 2906 Lycii
670 2785 812 2882 eodem
831 2819 940 2902 ,quo
968 2818 991 2871 a
1015 2784 1196 2884 Graecis,
1215 2779 1281 2870 die
1309 2776 1494 2904 videlicet
1526 2777 1579 2878 26
1607 2774 1808 2880 Octobris,
1843 2795 1893 2859 ut
1920 2804 1969 2862 ex

268 3031 271 3036 Ι
292 2921 471 3012 eiusdem
490 2924 687 3012 Ecclesiae
705 2927 906 3012 Breviarlo
925 2947 1043 3040 patet,
1062 2928 1105 3015 in
1133 2945 1216 3034 quo
1236 2939 1312 3012 tres
1340 2912 1663 3008 enanleetiooes
1681 2907 1827 3002 devita
1856 2911 1963 3002 illins

295 3063 426 3150 Sancti
464 3061 661 3178 leguntur,
816 3137 819 3144 .
1601 3142 1606 3155 ,
1747 3137 1751 3146 .

407 3205 627 3308 Difficilius
673 3235 836 3321 qnoque
872 3211 947 3290 erit
994 3207 1129 3294 locum
1164 3197 1368 3314 designare
1403 3228 1486 3312 quo
1518 3197 1564 3292 B.
1595 3193 1795 3288 Na'colmrs
1825 3194 1862 3280 L
1859 3197 1961 3306 ycrfo

293 3362 425 3442 exiens
453 3353 687 3466 peruenerit.
718 3347 767 3436 ln
794 3350 889 3433 actis
927 3348 1071 3464 legitur
1110 3347 1228 3429 unius
1270 3338 1350 3425 diei
1399 3342 1538 3426 itinere
1575 3338 1759 3449 aLycio
1795 3335 1967 3457 distare,

296 3523 470 3608 eumque
505 3494 711 3575 Castrum.
732 3505 943 3590 avectum,
972 3491 1056 3574 sive
1090 3501 1265 3574 erectum
1300 3477 1544 3608 appellatum
1577 3479 1767 3578 Castrum
1805 3479 1861 3562 sic
1904 3471 1963 3560 di·
2005 3509 2010 3518 ·

294 3655 412 3720 mum
440 3625 690 3718 Bollandiani
726 3625 785 3710 ibi
814 3623 933 3710 fuisse
974 3629 1160 3736 suspicati
1196 3642 1314 3724 sunt,
1343 3619 1415 3718 ubi
1443 3647 1549 3712 nunc
1578 3620 1617 3704 S
1649 3619 1739 3712 Viti
1764 3612 1968 3729 oppidum

287 3794 426 3874 essm,
454 3769 567 3856 nullo
594 3763 674 3880 alio
702 3763 965 3855 fundamento
993 3768 1089 3866 nisi,
1118 3760 1231 3878 quod
1259 3765 1389 3850 nnius.
1416 3757 1498 3844 diei
1526 3767 1665 3858 itinere
1693 3791 1715 3844 a
1743 3761 1886 3870 Lycio'
1904 3755 1969 3854 di»,

293 3933 379 4004 stet.
402 3908 550 4020 Quum
581 3933 675 3996 voco
703 3901 869 3994 Sanctus
899 3903 1031 4016 larcio
1066 3902 1285 3998 Tarentum
1313 3929 1449 3992 uersus
1478 3907 1552 3992 iret
1571 3901 1770 4007 ,melius
1798 3899 1960 3984 fortasse

287 4055 381 4166 qtris¹
408 4048 595 4158 suspisari
628 4043 776 4162 poterit
801 4038 988 4132 (instrum
1017 4039 1136 4146 illud,
1151 4042 1431 4147 Cmalnuovo,
1447 4040 1577 4156 quod,
1594 4045 1738 4140 merito
1752 4043 1839 4122 inre
1857 4059 1963 4152 post·

291 4189 439 4288 liminii
467 4213 572 4282 nunc
603 4179 893 4285 Manduriam,
922 4179 988 4274 vel
1016 4183 1189 4296 antiquis
1218 4184 1478 4298 scriptoribus
1508 4202 1679 4283 notum,
1710 4177 1836 4273 'fuisse
1856 4178 1963 4284 ,vel

290 4351 397 4418 certe
427 4332 470 4420 in
497 4322 768 4422 Manduriensi
797 4351 891 4438 agro
906 4323 1109 4416 exstitisse.
1128 4321 1335 4436 Equidem
1353 4351 1484 4435 quum
1502 4317 1640 4418 doctos
1655 4320 1834 4412 homines
1852 4316 1964 4404 Man·

289 4467 524 4572 dunenses,
553 4466 745 4578 nobisque
772 4466 1029 4556 amicissimos
1057 4463 1423 4571 interrogassemus,
1450 4456 1564 4556 illud
1591 4461 1844 4569 accepimns,
1880 4486 1976 4545 uno,

288 4639 313 4702 ,a
343 4603 557 4724 Mandurio
586 4599 718 4714 lapide
750 4605 944 4696 Castrum
964 4601 1118 4712 Ugrm
1143 4601 1202 4682 sic
1225 4591 1381 4692 dictum
1401 4619 1556 4698 ,exstare
1582 4627 1629 4682 ex
1650 4621 1760 4712 parte
1777 4627 1884 4698 nnuc
1902 4597 1961 4695 dis

247 4787 250 4806 ‚
290 4773 458 4848 rutum,
488 4773 638 4827 necnon
666 4764 706 4827 et
735 4742 852 4825 tertio
880 4735 1016 4851 lapide
1047 4737 1181 4824 locum
1208 4735 1392 4836 alterum,
1412 4737 1484 4854 qui
1510 4732 1630 4822 bodie
1658 4736 1782 4850 vulgo
1810 4735 1860 4838 lc,
1885 4737 1976 4838 Cis·

295 4885 415 4991 stelle,
431 4881 676 4998 appellatur,
705 4880 776 4981 ubi
816 4881 953 4978 Casiri
978 4876 1122 4976 rudera
1149 4873 1281 4971 adhuc
1309 4871 1518 5074 videntug,
1547 4901 1700 4968 necnon
1725 4893 1765 4960 et
1782 4873 1966 5000 antiquae

1445 5018 1472 5082 2·
