4914 6610
1240 467 1417 584 (aa)

487 659 679 768 quitatem
708 645 831 761 magis
860 641 1062 756 probaret,
1091 671 1179 724 eam
1207 638 1306 770 olim
1332 641 1531 757 paganicis
1559 661 1648 724 ante
1676 636 1823 724 Christi
1861 659 2048 750 tempora
2081 635 2165 716 riti·

485 799 561 882 lius
592 789 812 886 addictam,
849 803 1129 901 argumentum
1160 816 1207 868 ex
1236 815 1284 868 eo
1332 781 1522 887 deduxit,
1551 779 1664 896 quod
1692 780 1964 892 Melphietensi
1992 782 2034 862 in
2061 805 2160 891 agro

488 939 597 1020 locus
625 951 721 1016 esset
755 927 931 1014 Viemre
960 921 1199 1037 appellatus,
1228 955 1276 1007 ex
1305 922 1418 1009 cultu
1461 921 1615 1010 ibidem
1645 919 1789 1011 Veneri
1818 922 2012 1031 praestito.
2040 913 2166 1004 Haud

486 1097 587 1160 certe
616 1073 667 1157 ab
695 1066 898 1181 impudica
932 1066 1092 1154 Venere
1121 1097 1288 1170 nomen,
1317 1063 1577 1179 quodetiam
1607 1063 1768 1164 retinet,
1796 1057 1889 1143 loco
1918 1054 2072 1164 datum,
2092 1051 2161 1138 sed

491 1253 512 1300 a
545 1218 583 1301 S.
618 1217 784 1304 Venere
812 1213 895 1295 sive
941 1211 1172 1295 Parasceve
1199 1208 1216 1326 (
1244 1237 1337 1291 nam
1384 1203 1524 1291 eadem
1551 1237 1633 1292 esse
1680 1202 1828 1299 dicitur
1856 1199 1873 1314 )
1903 1201 2017 1285 euius
2047 1201 2169 1286 etiam

491 1385 637 1441 nomen
666 1359 708 1438 in
737 1348 982 1436 Kalendario
1012 1348 1178 1432 lllissalis
1208 1349 1331 1438 nostri
1360 1349 1455 1452 MS,
1473 1350 1564 1433 licet
1592 1347 1687 1454 alia,
1715 1370 1755 1433 at
1785 1377 1879 1432 varo
1907 1346 2069 1458 antiqua
2090 1373 2173 1433 ma·

493 1531 562 1603 nu,
578 1495 728 1581 adiecta
749 1495 902 1611 legitur.
913 1491 1006 1578 Neu
1023 1519 1250 1606 vero,quae
1278 1489 1412 1608 multa
1426 1486 1603 1575 fabulosa
1623 1511 1715 1572 sunt
1735 1490 1775 1572 in
1790 1509 1943 1574 nostrae
1960 1482 2082 1568 Urbis
2100 1480 2169 1564 Hi÷

493 1643 623 1742 storia,
640 1669 684 1721 ea
713 1637 912 1749 scriptoris
940 1637 1083 1748 optimi
1115 1634 1213 1722 vitio
1241 1631 1457 1726 tribuimus
1464 1696 1475 1736 ‚
1494 1630 1564 1720 sed
1583 1633 1696 1716 aetati
1726 1633 1958 1756 potiusque
1987 1628 2055 1742 ille
2074 1631 2163 1710 seri·

490 1783 580 1891 psit,
595 1769 689 1863 cum
719 1778 894 1890 plurima
923 1777 1205 1888 antiquitatum
1220 1797 1475 1862 monumenta
1492 1796 1625 1888 postea
1646 1771 1808 1877 detecta,
1824 1792 1864 1866 et
1882 1769 2056 1884 vulgata,
2076 1793 2169 1858 tune

491 1915 677 2002 deessent.
709 1915 924 2018 Praestabit
951 1916 1073 2028 igitur
1103 1908 1188 2005 rem
1219 1937 1342 2002 totam
1371 1915 1421 2004 ab
1450 1919 1603 2032 integro
1633 1913 1873 2004 tractandam
1903 1943 2114 2000 assumere.

606 2061 720 2170 Quae
735 2062 741 2070 ’
749 2061 922 2178 plurima
941 2031 965 2161 ,ι
983 2077 1114 2146 nostra
1142 2062 1261 2144 etiam
1289 2077 1433 2160 aetate,
1471 2059 1648 2174 sepulcra
1677 2064 1838 2172 antiqua
1877 2059 2013 2142 effossa
2041 2086 2167 2169 prope

418 2259 422 2270 .
492 2206 636 2286 ueteris
666 2185 777 2298 urbis
815 2203 1003 2330 uroenia,
1032 2221 1072 2282 et
1101 2199 1182 2285 illic
1230 2207 1458 2316 praesertim
1487 2202 1557 2288 ubi
1596 2206 1805 2324 antiquum
1854 2229 1962 2284 nune
2006 2203 2170 2314 assurgit

494 2342 771 2442 suburbium,
800 2365 838 2422 et
866 2343 908 2434 in
936 2343 1030 2453 ipsis
1060 2341 1209 2422 inclusa
1248 2343 1440 2454 ,sepulcris
1482 2339 1617 2440 fictilia
1648 2371 1765 2446 vasa,
1796 2370 1866 2426 nec
1895 2337 1988 2432 rudi
2018 2361 2171 2432 tantum

374 2577 379 2588 Ι
499 2511 619 2592 opere
645 2479 856 2582 elaborata,
886 2477 956 2596 sed
986 2478 1182 2594 eleganter
1208 2485 1328 2570 etiam
1358 2489 1472 2596 pieta,
1502 2513 1603 2598 quae
1631 2483 1755 2600 vulgo
1783 2487 1957 2572 diruere
1974 2507 2174 2586 vocantur,

494 2620 637 2724 melius
675 2618 807 2722 lorsan
840 2617 1204 2731 Graeco-Appula,
1242 2619 1306 2703 vel
1341 2623 1661 2714 Graeco-Italica
1690 2620 1888 2729 dicenda,
1927 2644 1966 2704 et
1995 2659 2176 2742 quorum

492 2760 627 2874 ,aliqua
658 2788 728 2844 nos
759 2755 956 2863 vidimus,
984 2756 1069 2842 aliis
1099 2762 1239 2844 misere
1269 2761 1437 2849 venditis
1466 2767 1531 2851 vel
1560 2765 1727 2873 donatis,
1741 2771 1836 2854 satis'
1861 2769 2045 2873 indicant,
2074 2771 2176 2876 loco,

494 2933 581 3018 ,quo
620 2931 727 2990 nunc
756 2899 1024 3032 Melphictum
1062 2902 1191 3005 iacet,
1220 2907 1438 3017 antiquitus
1466 2911 1549 2992 sive
1596 2907 1811 3004 Civitatem
1854 2911 2063 3030 aliquam,
2092 2915 2175 2996 sire

500 3301 540 3348 co
564 3277 750 3351 confirmari
774 3276 836 3360 illis
862 3277 1011 3375 videtur,
1037 3279 1128 3384 quod
1145 3279 1291 3378 plurium
1307 3277 1523 3363 Tlrrouorutu
1550 3271 1793 3375 Episcopalium
1818 3277 1910 3366 nulla
1935 3271 2173 3365 Ecclesiasticis

501 3411 535 3497 iu
560 3411 782 3482 monumentis
806 3409 920 3492 notitia
945 3389 1138 3506 reperiatur.
1178 3407 1246 3498 Qui
1271 3433 1353 3484 vero
1378 3434 1419 3482 ex
1443 3405 1577 3488 historia
1602 3407 1765 3502 didicerit,
1792 3437 1877 3516 quae
1903 3411 2082 3498 miseranda
2101 3415 2175 3512 plur

480 3519 547 3626 'ra
570 3538 781 3634 persaecula
806 3538 947 3638 Apuliae
970 3551 1004 3626 et
1029 3541 1189 3657 Iapygiae
1212 3539 1365 3634 iacies,et
1388 3564 1529 3639 quorum
1542 3536 1706 3612 bellorum
1732 3523 1915 3624 Theatrum
1935 3543 2080 3642 regiones
2098 3547 2177 3618 istae

505 3668 622 3740 suerint
636 3690 739 3766 ,quae
763 3667 1020 3762 interneciones,
1048 3694 1132 3766 quae
1149 3664 1384 3766 populationes,
1410 3691 1495 3766 quae
1521 3667 1801 3766 depraedationes,
1829 3670 1999 3766 incendia,
2028 3677 2141 3750 ruinae
2163 3735 2173 3772 ‚

504 3793 786 3893 aLongubardis,
815 3796 965 3891 Graecis,
994 3794 1194 3890 Saracenis,
1222 3789 1622 3897 Normunnis'ccterisque
1655 3794 1804 3870 barbaris
1825 3825 1835 3886 ;
1865 3801 1892 3871 is
1916 3801 2061 3899 prolecto
2087 3801 2172 3888 haud

503 3922 679 3996 mirabitur
702 3921 927 3997 Ecclesiarum
952 3939 1140 4018 nostrarum
1165 3937 1376 3999 monumenta
1407 3922 1609 4022 deperiisse,
1638 3952 1677 4000 ex
1704 3925 1829 4027 quibus
1854 3930 2098 4028 Episcopomm
2130 3960 2182 4008 sea

503 4052 566 4119 ries
594 4073 655 4144 per
683 4048 822 4150 singulas
853 4051 1011 4140 Civitates
1035 4057 1167 4152 agnosci
1197 4065 1334 4150 posset,
1370 4053 1514 4126 maxime
1539 4079 1617 4127 cum
1634 4053 1799 4128 Ecclesiae
1823 4058 1911 4154 ipsae
1933 4057 2006 4133 diro
2033 4057 2180 4136 Graeco,

509 4200 584 4246 rum
614 4176 785 4274 schismate
806 4195 940 4254 vexatae
970 4193 1086 4255 esseut.
1117 4181 1151 4254 N
1154 4207 1196 4253 on
1225 4204 1306 4270 tero
1332 4179 1556 4256 inficiabimur
1586 4179 1712 4294 aliquos
1738 4184 1770 4254 in
1795 4181 1983 4280 regionibus
2009 4187 2181 4284 praedictis

513 4301 728 4397 Episcopatus
754 4312 917 4382 recentius
947 4314 1248 4418 constitutorem.
1281 4309 1332 4381 Ea
1357 4308 1445 4380 euim
1483 4307 1702 4390 huntauarum
1728 4335 1838 4400 rerum
1872 4311 2015 4396 conditio
2040 4327 2116 4404 est,
2144 4322 2181 4385 ut

513 4454 599 4528 quae
628 4425 785 4516 Civitates
810 4435 954 4504 maxime
978 4413 1147 4534 quondam
1171 4403 1362 4526 florebanl,
1384 4433 1503 4509 deinde
1530 4434 1673 4509 desertae
1699 4435 1842 4531 fierent,
1883 4454 1916 4512 et
1945 4463 2027 4540 quae
2051 4465 2092 4512 ea
2118 4437 2183 4512 ltus

509 4552 675 4645 miliorum
715 4576 877 4651 pagorum
916 4571 999 4630 statu
1026 4559 1067 4630 ad
1094 4559 1273 4632 Civitatem
1300 4559 1436 4657 gloriam
1471 4575 1601 4638 evectae
1630 4565 1782 4660 suerint,
1815 4580 1851 4638 ut
1884 4567 1961 4639 inde
1993 4593 2012 4642 a
2051 4565 2184 4646 desertis

513 4673 658 4772 ⁸Uibilius
684 4681 718 4753 in
745 4705 845 4753 noras
873 4683 1121 4772 transferrentur
1148 4686 1356 4784 Episcopales
1380 4687 1496 4778 Sedes.
1523 4689 1563 4761 ld
1593 4715 1671 4772 vero
1693 4716 1762 4766 non
1786 4693 1912 4768 sedium
1935 4719 2110 4781 numerum
2129 4717 2187 4766 au·
