4870 6630
1232 589 1410 712 (12¹4)
1508 615 1511 624 '

608 795 639 850 1.
669 761 879 882 Exurgens
908 769 1032 854 maria
1063 764 1227 886 gravida
1263 766 1451 880 migravit
1488 792 1559 878 per
1593 767 1800 856 cacumina
1843 765 1963 852 dulce
2001 768 2162 855 intravit

483 901 657 992 domum
687 935 854 1020 propere
882 906 1065 995 Zacharia
1093 939 1189 994 cum
1217 937 1293 1022 ope
1321 906 1457 990 salutis
1484 908 1714 1019 consoprine
1744 930 1777 990 a.
1792 904 1852 996 Ut
1880 905 2035 994 audivit
2064 909 2159 996 heli-

484 1047 623 1132 sabeth
651 1047 795 1134 salutes
823 1081 919 1136 mox
947 1048 998 1134 de
1027 1049 1223 1136 Nazareth
1252 1047 1486 1136 exclamavit
1513 1051 1707 1133 mirative.

598 1223 632 1273 2.
660 1191 775 1276 Dixit
802 1193 920 1280 verba
949 1195 1177 1314 prophetica
1204 1192 1419 1314 helisabeth
1447 1189 1605 1278 celicola
1633 1188 1686 1275 de
1714 1193 1868 1310 virgine
1896 1195 2030 1280 maria:
2062 1193 2155 1278 Bea-

489 1390 528 1454 ta
557 1303 706 1498 ddlque
733 1371 920 1459 credidit:
952 1381 993 1462 in
1023 1377 1095 1462 hac
1123 1371 1221 1461 frent
1249 1403 1329 1491 que
1358 1317 1500 1458 didicit
1526 1403 1548 1484 a
1578 1371 1746 1458 domiuo
1774 1339 1907 1460 mente
1923 1378 2008 1488 pia:
2030 1389 2063 1458 ὑ.
2083 1373 2160 1456 Ve-

491 1513 552 1594 nit
579 1541 627 1594 ex
656 1529 696 1596 te
725 1517 988 1600 sanctissimus
1019 1538 1179 1601 vocatus
1208 1513 1274 1601 dei
1302 1509 1411 1599 filius
1439 1513 1541 1598 sicut
1578 1510 1750 1626 predixit
1786 1513 1948 1631 angelus
1974 1545 2056 1600 xsue
2083 1543 2165 1598 ma·

494 1655 544 1734 tri
573 1655 614 1735 in
643 1655 717 1734 via.

609 1791 646 1874 3.
664 1791 893 1880 Helisabeth
923 1795 1199 1912 congratulans
1227 1791 1428 1909 profunde
1455 1823 1497 1880 se
1523 1793 1711 1880 humiliat
1740 1797 1782 1880 in
1810 1793 1986 1882 adventu
2004 1801 2159 1906 myssic.

492 1932 601 2017 unde
629 1936 682 2016 ait
711 1933 919 2020 condeceat
948 1937 1061 2051 quotl
1089 1957 1215 2020 mater
1243 1932 1308 2019 dei
1337 1937 1468 2019 veniat
1497 1933 1549 2018 ad
1577 1965 1644 2020 me
1671 1963 1766 2020 cum
1795 1934 1938 2050 plausu
1966 1941 2031 2021 vie
2047 1951 2080 2020 tl.
2099 1937 2163 2020 En

495 2069 589 2157 felix
618 2075 800 2159 salutatio
828 2074 1055 2190 dupplicata
1084 2075 1267 2159 exaltatio
1294 2071 1465 2160 dabatur
1492 2079 1733 2191 consoprine.

610 2261 648 2360 Δ.
677 2253 801 2340 Maria
830 2287 969 2392 pareus
963 2191 1101 2343 lilios
1129 2259 1262 2371 querit
1290 2255 1527 2370 depositos
1517 2288 1560 2343 ιιι
1586 2280 1735 2344 sortem
1765 2257 1973 2342 mortalem
1991 2258 2163 2352 clamans

494 2370 670 2519 clamal„
685 2494 1629 2522 .........
1705 2459 1751 2555 ut
1778 2433 1960 2568 subleuat
1988 2473 2038 2527 ne
2066 2477 2166 2560 pene

492 2598 607 2660 ruant
637 2577 742 2662 mali.

609 2757 647 2842 5.
675 2755 780 2842 Rosa
810 2755 863 2846 de
891 2762 1012 2874 spinis
1040 2759 1190 2876 prodiit
1218 2693 1332 2880 virgo
1359 2759 1453 2847 de
1438 2789 1537 2876 Jesse
1565 2763 1703 2848 floruit
1731 2767 1853 2849 maria
1897 2767 2068 2853 visitavit
2107 2772 2169 2856 ris

497 2895 631 2984 odoris
660 2899 898 2986 diffunditur
927 2925 1007 2988 tota
1036 2902 1185 2989 domus
1213 2900 1417 3016 perficitur
1444 2908 1565 3021 gratia
1594 2936 1688 2990 cum
1717 2891 1946 2992 intravit&
1980 2906 2162 2999 Miranda

499 3044 681 3130 salutatio
709 3039 756 3124 fit
784 3040 892 3156 plebi
918 3043 1130 3188 gratulatio
1158 3075 1238 3162 que
1258 3042 1436 3126 fructum
1465 3048 1694 3158 expectavit.

607 3185 645 3268 6.
672 3182 793 3268 Stella
820 3184 897 3268 sub
927 3183 1035 3270 nube
1063 3189 1211 3302 tegitur
1238 3188 1361 3270 maria
1389 3183 1545 3270 mundo
1574 3191 1793 3367 primitus(⁵
1787 3190 1988 3276 rutilans
1977 3225 2017 3280 ιιι
2037 3196 2167 3310 splen·

497 3363 613 3448 dore:
635 3364 850 3450 helisabeth
866 3364 1099 3480 perducitur
1113 3365 1166 3450 ad
1179 3365 1353 3452 solamen
1381 3363 1453 3546 (gx
1481 3371 1677 3484 spargitur
1696 3301 1926 3458 rolidratis
1915 3405 1957 3460 ιιι
1972 3379 2165 3494 vigore».

493 3539 606 3630 Luna
636 3543 710 3628 soli
738 3539 992 3662 coniungitur
1014 3541 1236 3632 helisabeth
1265 3551 1331 3660 pie
1358 3546 1536 3630 volvitur
1562 3567 1719 3635 estuans
1737 3550 1790 3636 in
1798 3579 1940 3639 amore.

609 3753 644 3838 7.
673 3723 868 3808 Occasum
896 3729 1010 3842 virgo
1039 3726 1161 3809 nescit
1189 3727 1301 3813 velut
1328 3726 1399 3811 lux
1428 3723 1572 3814 mundi
1590 3661 1678 3812 ‚(l).
1708 3792 1717 3811 .
1746 3731 2051 3821 ..desummo
2081 3736 2171 3822 fuu-

495 3902 593 4018 dcns
621 3905 783 3989 lumen:
814 3902 1028 3991 helisabeth
1058 3907 1251 4020 applicuit
1278 3905 1424 3992 devota
1451 3839 1641 4022 gratiani)
1656 3907 1828 3998 adttlrait
1865 3913 1918 4001 de
1953 3919 2041 4084 uelo
2050 3851 2170 4032 &hro-

1880 4143 2182 4170 ᾖ*

592 4273 650 4376 (ι)
675 4287 722 4349 est
1439 4273 1497 4375 (5)
1521 4276 1682 4353 roborem

595 4397 654 4500 (a)
679 4399 784 4472 Filios
807 4395 966 4502 plangas
982 4402 1091 4502 querit
1106 4400 1337 4500 dqrerrlitosin
1437 4401 1496 4504 (6)
1522 4403 1710 4492 devolvitur

495 4523 616 4602 reatae
642 4525 775 4600 mortali
1434 4529 1494 4631 (7)
1519 4531 1651 4629 profluit

599 4653 657 4755 (3)
682 4655 827 4730 elaturus
846 4655 970 4731 elmar
995 4669 1031 4732 ut
1063 4655 1244 4733 rotaretur
1261 4679 1334 4732 mu·
1433 4657 1493 4758 (8)
1519 4659 1580 4732 sibi
1604 4659 1749 4736 adtrhu't

493 4809 555 4858 nus
580 4782 668 4874 rtorrit
685 4794 723 4854 ut
738 4781 885 4858 sublevet
899 4808 940 4858 ue
963 4809 1048 4884 pena
1073 4797 1167 4860 ruant
1190 4783 1306 4860 mali
1426 4782 1484 4882 (9)
1507 4784 1684 4884 perafflens
1707 4811 1830 4860 numen

595 4908 652 5010 (t)
679 4910 770 5010 vitet
