4870 6630
1059 621 1235 746 (ω)

301 801 430 884 omnis
448 817 488 881 et
506 791 625 880 orbis.
655 793 719 878 Ps.
748 785 911 874 domiue
931 783 1051 911 quid.
1069 815 1111 874 r.··
1119 793 1269 879 amavit
1287 818 1382 874 eum
1401 785 1823 876 dominumtuum
1855 788 1987 906 glorie.

968 999 975 1010 ·
1065 1075 1173 1166 Len.
1202 1077 1235 1164 L

325 1344 344 1442 .’
423 1356 631 1442 Voluntati
644 1379 711 1442 tue
726 1383 861 1469 parere
870 1354 1212 1468 pontifexsumme
1226 1351 1433 1467 cupio.sed
1454 1385 1568 1450 mens
1585 1355 1722 1444 multis
1739 1356 1889 1475 refugit
1897 1373 1982 1476 gra·¹

304 1527 393 1594 vata
421 1504 596 1617 peccatis
607 1503 701 1584 tanti
717 1500 791 1582 viri
811 1499 1007 1580 virtutum
1019 1495 1207 1586 miracula
1226 1495 1569 1608 panderel'amen
1577 1497 1674 1584 solet
1701 1529 1772 1612 per
1817 1522 1988 1606 testeam

312 1649 511 1736 lucernam
540 1644 692 1730 clarum
720 1639 861 1726 lumen
888 1639 1001 1722 effici.
1039 1660 1079 1722 et
1116 1641 1157 1720 in
1196 1665 1286 1722 vase
1329 1638 1522 1752 plumbeo
1557 1643 1759 1752 optimum
1785 1648 1989 1757 repperiri

310 1809 569 1905 unguentum.
596 1779 677 1868 Sed
706 1783 802 1894 quia
835 1780 1028 1892 preceptis
1060 1775 1207 1864 obedio
1233 1775 1529 1892 pontificalibus
1557 1777 1675 1864 credo
1690 1814 1756 1868 me
1776 1783 1882 1869 illius
1901 1816 1987 1898 pre-

313 1933 424 2018 cibus
442 1925 631 2013 adinvari.
650 1925 740 2038 Ego
756 1952 851 2006 rero
882 1925 1115 2005 sanctissimi
1146 1923 1221 2004 viri
1249 1920 1383 2005 Sabini
1412 1919 1600 2004 miracula
1628 1926 1670 2006 in
1698 1920 1865 2039 dialogis
1884 1923 2002 2008 beati·

313 2072 480 2188 gregorii
501 2047 670 2158 ,dudum
699 2067 778 2146 iam
808 2065 972 2175 repperi.
1001 2092 1081 2175 que
1108 2083 1148 2144 et
1186 2064 1378 2152 sanctitati
1416 2082 1483 2145 tue
1519 2083 1622 2172 'puto
1645 2091 1744 2146 esse
1772 2065 2001 2148 notissimae:

313 2207 390 2292 Sed
419 2209 585 2323 gratiora
615 2233 664 2286 ex
685 2201 963 2318 nostro(*)ore
992 2205 1104 2316 quasi
1133 2198 1400 2311 philosophica
1429 2231 1542 2284 aures
1571 2207 1741 2284 carmina
1758 2201 1988 2288 demulcent

313 2375 549 2438 nostrorum.
577 2348 693 2429 Prius
725 2365 854 2427 ta'men
883 2342 1096 2440 scribenda·
1117 2343 1310 2441 existimo.
1339 2369 1421 2454 que
1450 2346 1491 2425 in
1520 2341 1632 2424 libris
1662 2346 1886 2427 invenimus
1901 2375 1986 2428 exa-

318 2518 410 2580 rata.
439 2490 584 2576 deinde
613 2519 691 2602 que
720 2490 860 2572 nostris
888 2485 1135 2597 temporibus
1164 2514 1320 2567 summa
1340 2487 1503 2567 veritate
1518 2483 1589 2600 (**)
1619 2488 1768 2597 possint
1795 2493 1985 2602 cognosci.

901 2713 904 2719 ,
1145 2627 1280 2738 'licon
1331 2667 1336 2678 ·

435 2775 605 2892 Agmina
633 2791 858 2857 sanctornm
887 2767 1120 2882 angelorum
1150 2765 1309 2882 letantis
1338 2800 1412 2880 pro
1441 2770 1590 2854 concivi
1621 2790 1752 2852 vestro
1779 2769 1925 2855 Sabino
1945 2769 1997 2856 dc

320 2949 403 3032 quo
432 2915 676 3034 gaudetXp.i
699 2911 872 2996 Ecclesia
901 2909 1091 3014 feliciter,
1120 2929 1160 2992 et
1188 2909 1356 3024 refulget
1383 2907 1587 3020 pollenter.
1613 2927 1645 2988 t.
1665 2937 1801 2994 omnes
1819 2914 1997 2996 ¹virtutes

322 3083 363 3145 et
390 3065 520 3144 omnis
548 3057 688 3141 militis
719 3053 870 3140 celestis
891 3055 1032 3178 merito
1049 3049 1274 3166 gloriamini
1292 3077 1385 3134 cum
1422 3047 1538 3132 betto
1572 3047 1726 3134 Sabino.
1755 3049 1818 3134 De
1855 3079 1937 3165 quo
1952 3057 2019 3132 t:

927 3413 948 3446 ι
1041 3243 1309 3396 nacon¹

437 3505 651 3588 Iustiniano
681 3503 800 3616 igitur
832 3498 1012 3616 Angusto
1042 3519 1227 3618 regnante
1259 3501 1342 3580 eius
1379 3497 1623 3611 temporibus
1653 3496 1790 3582 multis
1831 3503 1871 3584 in
1900 3501 1994 3589 locis

320 3621 372 3732 nd
389 3645 476 3757 Xp.i
505 3647 669 3760 glutiam
698 3663 738 3724 et
767 3643 991 3723 animarent
1019 3662 1240 3723 nostrarum
1272 3636 1439 3721 domino
1468 3639 1631 3724 favente.
1661 3668 1740 3720 non
1756 3643 1870 3749 pauci
1900 3663 1996 3726 tunc

1898 3877 2009 3896 ,1-

372 4051 381 4068 ·
427 4008 476 4109 (³)
502 4007 585 4080 Tar.
614 4005 746 4081 Sancto.
1263 3969 1403 4108 (·*)'T.
1432 3967 1576 4080 fincte.

1108 4132 1215 4210 Orat.
1247 4245 1250 4248 ρ

428 4319 535 4390 Deus
532 4316 604 4416 qui
630 4295 766 4388 beatum
793 4309 953 4384 Sabinum
978 4311 1197 4388 consessorem
1221 4330 1317 4389 tuum
1340 4329 1441 4414 utque
1453 4308 1652 4411 pontificem
1684 4314 1798 4390 celitus
1837 4315 1998 4397 edoctum
2039 4373 2045 4386 ·

331 4451 456 4552 ρυρυΙο
481 4463 545 4520 tuo
569 4458 696 4573 petrem
723 4467 790 4514 esse
812 4441 912 4512 fecisti
939 4437 1050 4512 tribue
1074 4441 1169 4514 uobis
1192 4441 1344 4540 digne'
1315 4465 1385 4516 etus
1407 4439 1561 4541 subsequi
1576 4440 1744 4542 exempla,
1770 4445 1893 4544 quibus
1926 4472 2010 4594 pers·

329 4579 408 4654 riuti
427 4599 531 4647 meren
533 4566 612 4645 ntur
637 4568 679 4641 ad
703 4565 862 4640 felicia
835 4593 903 4639 crus
928 4565 1045 4666 gaudie
1072 4565 1217 4644 celestia.
1243 4595 1301 4666 per

1069 4697 1254 4772 Lectiol.

435 4834 539 4929 Igitur
564 4827 700 4926 predicti
726 4823 811 4956 lip.¹
836 4823 950 4896 litmuli
974 4827 1090 4899 scriem
1117 4851 1253 4900 omnm
1278 4851 1468 4924 proceres
1460 4853 1498 4900 nc
1523 4832 1669 4928 precipui
1702 4832 1765 4902 viri
1790 4826 1875 4903 italie
1897 4830 2006 4926 sepius

340 4963 458 5037 videre
483 4957 661 5056 cupiebant
687 4970 732 5028 tt
744 4981 823 5028 tum
850 4953 922 5028 tiro
945 4957 1148 5032 sanctissimo
1172 4954 1346 5028 celestibus
1370 4953 1497 5054 polattlis
1521 4985 1530 5026 t
1538 4955 1656 5056 pttlare
1679 4956 1766 5030 unde
1790 4981 1867 5076 ttttn
1882 4980 2007 5078 με

292 5119 295 5128 ⁴
337 5113 381 5162 ne
402 5111 544 5187 cepuane
569 5081 715 5222 Ecclesie
740 5080 894 5182 pontifice
919 5087 1044 5161 crebris
1067 5049 1340 5164 familiaritatibus
1364 5084 1569 5222 rcniebpt0
