4870 6630
1235 553 1411 672 (126)

1187 747 1191 756 '
1257 721 1378 834 Resp.

602 875 709 963 Eece
738 869 875 958 virum
905 863 1172 984 prudentem,
1198 869 1275 979 qui
1303 858 1505 950 edificavit
1532 857 1703 946 domum
1731 888 1845 948 ¹suam
1861 889 1977 976 supra
1993 878 2153 974 perram.

490 1031 532 1107 in
563 1025 676 1107 euius
704 1047 774 1100 ore
802 1042 882 1098 non
911 1031 969 1096 est
996 981 1182 1095 inventus
1211 1004 1338 1091 dolus
1367 1001 1471 1110 Quia
1501 1000 1691 1090 dominus
1717 1001 1837 1118 elegit
1855 1031 1950 1088 eum
1968 1003 2012 1088 in
2030 999 2155 1092 Sacer

490 1163 629 1247 dotem
658 1189 778 1245 suum
804 1184 848 1252 r:
873 1183 906 1238 r.
931 1182 974 1250 r:
999 1161 1081 1244 nou
1108 1172 1168 1240 est
1196 1151 1378 1236 iuventus
1405 1142 1546 1235 similis
1573 1143 1632 1233 illi
1660 1144 1732 1260 qui
1760 1164 2005 1232 conservaret
2033 1145 2154 1264 legam

490 1301 640 1394 excelsi.
669 1301 772 1409 Quia
800 1319 872 1384 etc.

1209 1433 1336 1519 Lacte
1378 1425 1431 1514 V.

599 1671 701 1780 Quis
728 1668 839 1764 enim
866 1665 1039 1750 scribere
1068 1663 1216 1776 poterit
1242 1639 1390 1772 quauta
1420 1659 1462 1784 in
1481 1689 1530 1744 eo
1563 1681 1646 1746 erat
1665 1661 1829 1784 largitas*
1848 1659 2162 1778 eonditorisqui

485 1822 538 1902 ita
569 1831 651 1926 erat
679 1804 897 1895 immobilis
926 1825 974 1888 ut
1002 1803 1123 1888 nullis
1151 1799 1326 1886 adversis
1354 1821 1584 1886 moveretur
1621 1801 1733 1887 nulla
1770 1801 1892 1887 letitia
1930 1803 2157 1890 sublimare«

491 1982 556 2042 tur
585 1950 700 2039 nullo
728 1977 910 2063 unquam
939 1975 1104 2030 munere
1133 1946 1176 2028 in
1204 1960 1359 2054 partem
1386 1961 1616 2026 verteretur.
1645 1940 1732 2026 Nos
1760 1946 1794 2026 si
1822 1946 1953 2032 omnia
1997 1947 2079 2027 vite
2115 1943 2157 2026 il·

485 2099 563 2182 lius
590 2100 790 2180 virtutum
818 2089 923 2178 bona
951 2113 1107 2170 narrare
1134 2081 1326 2170 ⁷uolumus
1354 2077 1407 2164 de
1434 2081 1496 2176 his
1524 2112 1605 2196 que
1634 2081 1801 2170 dicenda
1815 2105 1909 2170 sunt
1926 2089 2058 2170 statim
2081 2115 2156 2170 ces-

483 2268 624 2324 samus,
653 2234 788 2346 Atque
816 2232 972 2321 utinam
1001 2244 1072 2316 aut
1101 2221 1366 2346 Augustinus,
1395 2243 1464 2304 aut
1500 2219 1711 2308 doctorum
1748 2227 1890 2343 aliquis
1926 2245 2147 2318 nostrorum

483 2383 588 2464 hisne
616 2370 864 2494 temporibus
893 2429 903 2447 ·
933 2428 942 2462 s
971 2427 981 2452 ,-
1011 2428 1019 2449 ·
1049 2427 1059 2458 ‚
1087 2426 1097 2454 ,
1127 2426 1136 2445 ·
1168 2433 1178 2462 ,.
1212 2424 1221 2445 ·
1256 2398 1306 2451 ‚·.·
1339 2363 1644 2480 elegantioribus
1672 2371 1800 2454 vitam
1829 2369 1905 2452 viri
1928 2369 2047 2456 huius
2066 2397 2151 2456 oon-

413 2499 417 2506 ’
483 2547 613 2607 rexere
643 2544 723 2602 non
751 2510 885 2598 valens
914 2505 1114 2604 miraculis
1143 2499 1361 2598 decorabo..
1608 2503 1610 2508 ’

772 2677 776 2684 ·
1259 2650 1379 2758 Beer·
1512 2655 1515 2668 '
2025 2745 2035 2762 ,,

501 2857 504 2864 »
595 2799 701 2884 Vere
728 2790 903 2882 Israelita
931 2786 1084 2907 gaude.
1114 2851 1123 2872 .
1152 2851 1161 2882 ‚
1190 2849 1200 2882 ,
1230 2852 1239 2880 ,.
1267 2852 1278 2872 .
1307 2789 1432 2904 Xp‚¹¹¹¹¹
1451 2817 1518 2876 ora
1548 2811 1622 2900 pro
1650 2790 1765 2875 nobis
1792 2813 1833 2880 :t
1868 2819 1901 2878 r·
1927 2811 1976 2880 π’
1996 2785 2056 2874 Ut
2074 2821 2157 2905 pre·

482 2947 593 3034 ribus
621 2942 702 3026 tuis
730 2935 934 3038 adomim
948 2938 1107 3031 veniam
1121 2931 1309 3026 flentibus
1328 2925 1484 3022 devotis
1503 2927 1554 3020 ad
1580 2948 1617 3022 te
1635 2927 1960 3042 confugientibus,
1979 2927 2058 3012 Ora
2088 2956 2154 3019 ete

1226 3157 1334 3254 Lecr.
1368 3159 1419 3247 V
1412 3161 1442 3245 L

608 3397 735 3514 Igitur
763 3377 932 3506 predicti
961 3389 1051 3502 ij
1075 3388 1214 3481 famuli
1245 3387 1384 3472 faeiem
1412 3387 1635 3509 conspicere
1662 3409 1706 3464 ao
1736 3382 1899 3502 propius
1929 3384 2002 3464 riri
2041 3383 2157 3476 rerba

1276 3755 1378 3840 Leet.
1409 3754 1453 3834 V
1450 3809 1458 3826 .

594 3881 689 3958 Sicut
714 3881 814 3965 etiam
839 3906 912 3954 eam
938 3880 1061 3983 absque
1085 3881 1325 3970 habitatoribus
1349 3909 1389 3954 ex
1416 3895 1503 3962 tanta
1527 3883 1736 3958 multitudine
1760 3892 1950 3964 remansisse
1966 3904 1996 3964 et
2009 3916 2077 3990 que
2093 3891 2161 3988 glo·

500 4014 549 4083 ria
576 4009 718 4084 florebat
747 4065 756 4083 .
789 4063 799 4082 .
831 4064 840 4082 .
874 4065 882 4082 .
911 4008 1086 4096 doctorum
1111 4037 1198 4084 nunc
1227 4065 1236 4083 .
1270 4066 1280 4085 .
1312 4065 1323 4086 .
1353 4067 1364 4102 ,
1397 4066 1406 4083 .
1440 4065 1448 4081 .
1477 4025 1508 4084 et
1534 4009 1667 4092 dirersis
1693 4013 1780 4084 vitiis
1811 4013 1997 4100 abundare.
2026 4015 2165 4093 Silentia

485 4151 606 4212 'tamen
630 4135 695 4218 hoc
720 4136 898 4226 didicimus
915 4194 925 4230 ,
953 4138 1110 4239 quoniam
1134 4137 1230 4236 vigur
1245 4152 1353 4222 rande
1369 4135 1502 4216 ecclesie
1523 4135 1587 4218 deo
1601 4139 1727 4212 sarente
1744 4141 1778 4214 in
1794 4138 1847 4213 illa
1868 4139 2042 4238 primatum
2062 4154 2159 4215 tenet.

1214 4267 1316 4354 Lacr.
1349 4267 1423 4356 VI.
1670 4349 1679 4368 ι

595 4391 662 4466 Sed
688 4395 765 4494 quia
790 4421 810 4466 a
834 4394 1221 4496 narracioneputdulurn
1248 4395 1452 4470 disoersintus
1475 4395 1518 4468 a'rl
1542 4397 1642 4484 §arreti
1666 4397 1731 4468 riri
1757 4395 1913 4476 narranda
1945 4395 2099 4468 miracula
2112 4421 2164 4470 res

490 4531 671 4589 vertamur.
701 4517 820 4620 ltaque
844 4521 898 4598 dei
924 4523 1074 4598 famulus
1096 4521 1228 4600 sabinus
1251 4522 1295 4595 ab
1319 4521 1472 4596 omnibus
1505 4525 1625 4596 merito
1659 4521 1875 4610 venerabatur
1908 4523 1941 4592 in
1975 4533 2102 4594 tantum
2128 4536 2161 4593 et

489 4657 525 4714 ut
550 4667 644 4718 rome
670 4643 760 4722 urbis
783 4649 923 4760 gelasiru
948 4651 1097 4752 pontifex
1122 4677 1180 4757 pte
1205 4649 1503 4756 reter·isEpisropis
1520 4653 1646 4736 socium
1663 4677 1740 4732 eum
1758 4647 1892 4729 inluret
1910 4663 1940 4732 et
1958 4673 2157 4748 rotularem.
