4914 6610
1021 601 1050 715 t·
1071 629 1147 715 217
1180 600 1196 714 l

270 763 431 852 ..lufido
459 795 530 878 per
559 767 742 872 milliaria
771 764 859 871 VI,
887 787 927 850 et
954 764 1122 852 Barduli
1157 763 1314 850 Tureno
1343 763 1361 879 (
1383 762 1502 848 bodie
1539 765 1761 882 Tranum)
1790 797 1859 882 per
1881 766 1943 854 lx

271 901 412 988 distare
441 924 660 1015 ponantur,
699 905 756 987 nil
795 935 1009 989 moramur.
1038 904 1194 992 Eadem
1222 901 1521 1018 propemodum
1549 923 1609 988 est
1644 901 1766 988 hodie
1801 909 1943 994 harum

270 1043 433 1126 urbium
454 1043 647 1144 distantia,
657 1043 766 1129 unde
784 1074 831 1127 ex
845 1049 921 1133 hoc
940 1053 1070 1149 etiam,
1079 1077 1181 1159 quae
1200 1077 1318 1158 supra
1336 1043 1514 1130 diximus
1524 1044 1576 1130 de
1591 1042 1773 1130 distantia
1784 1050 1943 1163 Respoe

268 1179 319 1262 ab
347 1177 513 1282 Aufidu-
530 1175 822 1268 confirmantur.
852 1184 961 1271 Cum
989 1215 1084 1270 vero
1113 1182 1468 1299 Natiolum‚quod
1496 1204 1600 1269 certe
1629 1182 1869 1272 hodiernum
1889 1210 1947 1274 est

268 1322 561 1423 leventinam,
591 1325 644 1410 ad
677 1327 730 1414 V
720 1329 751 1414 Ι
769 1326 821 1418 ,Τ
812 1360 935 1413 ureno
954 1329 1131 1442 lapidem
1160 1348 1356 1440 ponatur,
1385 1322 1429 1407 id
1458 1353 1622 1436 prorsus
1639 1327 1878 1412 mendosum
1907 1361 1945 1414 e·

269 1463 331 1540 rit.
361 1441 453 1544 Non
483 1467 588 1546 enim
617 1463 677 1547 VI
707 1464 778 1550 sed
806 1467 917 1575 XII3
941 1490 985 1552 'et
1013 1468 1215 1574 hodierna,
1229 1497 1332 1582 quae
1361 1469 1533 1579 antiquis
1563 1470 1711 1551 maiora
1730 1485 1834 1574 sunt,
1854 1468 1943 1555 mil·

222 1589 225 1594 ⁵
268 1599 377 1688 liaria
414 1601 618 1688 tirrenum
646 1609 747 1690 inter
777 1629 815 1692 at
845 1611 1111 1696 Iuvenacium
1140 1627 1409 1694 numerantur.
1439 1603 1586 1692 Contra
1624 1632 1720 1688 vero
1748 1627 1788 1689 et
1826 1605 1944 1692 hodie

271 1745 491 1830 Itrvenacio
522 1749 691 1832 Barium
720 1746 783 1832 IX
810 1751 963 1834 circiter
990 1750 1268 1835 milliariorum
1298 1749 1372 1830 iter
1399 1767 1466 1830 est.

269 1899 273 1904 '
313 1925 319 1942 ·
384 1885 537 1972 Clariss.
568 1887 802 1972 Dominicus
830 1890 1039 2006 Forgesius
1068 1889 1130 2006 (1)
1149 1891 1304 2000 primus
1333 1882 1515 1990 advertit,
1531 1883 1714 1971 laudatus
1734 1908 1940 2000 propterea

270 2027 322 2142 ab
350 2025 524 2110 Erudito
553 2029 764 2114 Dominico
792 2029 1040 2116 Romanellio
1079 2029 1162 2145 (2),
1191 2033 1232 2112 in
1263 2029 1575 2142 Peutingeriana
1610 2025 1765 2112 Tabula
1795 2059 1842 2114 ex
1877 2025 1944 2114 de·

275 2167 470 2276 scriptoris
498 2168 647 2249 incuria
676 2197 821 2252 nomen
851 2171 1011 2281 Respae
1039 2167 1342 2254 deesse-Unico
1370 2169 1480 2250 euim
1499 2169 1542 2250 in
1555 2165 1709 2255 Tabula
1730 2165 1796 2252 illa
1810 2197 1942 2252 exem·

273 2301 342 2411 plo
370 2303 512 2387 lineola
539 2309 775 2416 conspicitur
803 2306 922 2396 ducta
951 2296 1030 2392 non
1045 2303 1261 2418 adscript0‚
1276 2324 1323 2387 ut
1336 2302 1488 2410 assolet,
1499 2305 1577 2392 loci
1596 2309 1768 2394 nomine.
1798 2305 1882 2391 Nec
1899 2307 1943 2394 id

270 2458 428 2522 tantum
456 2437 508 2522 de
535 2447 740 2555 scriptoris·
762 2445 997 2562 negligentia
1026 2444 1176 2552 factum
1193 2506 1205 2548 ‚
1224 2425 1296 2527 sed
1324 2473 1418 2529 cum
1451 2443 1535 2556 ipse
1565 2440 1758 2552 lineolae,
1778 2449 1843 2530 cui
1863 2445 1942 2532 tte-

272 2607 369 2689 spae
397 2609 542 2665 nomeu
570 2583 858 2695 imponendum
868 2608 960 2690 erat,
978 2584 1190 2680 Natiolum
1205 2579 1503 2704 adscripsisset,
1518 2580 1647 2672 noluit
1665 2582 1825 2670 fortasse
1852 2587 1944 2668 scri·

272 2743 389 2836 ptum
417 2719 589 2824 delendo
617 2723 812 2818 Tabulam
829 2755 1090 2840 corrumpere.
1118 2723 1243 2834 Quod
1271 2727 1396 2820 sihoc
1414 2723 1539 2818 modo
1553 2725 1770 2837 corrigatur
1779 2719 1940 2810 Tabula:

718 2975 722 2980 v
857 2949 1094 3057 rurum
1122 2945 1362 3033 Avrruvs

915 3085 1203 3192 omuvoos
1232 3085 1294 3170 vr

776 3229 1010 3326 rurum
1038 3221 1337 3316 AVELDIVM
1364 3223 1382 3341 (
1410 3225 1436 3342 ),

916 3362 1194 3462 ΤνΒΕΝνΜ
1222 3361 1284 3449 rx

837 3488 839 3500 '
974 3507 1156 3606 unsri
1173 3510 1234 3597 vr

903 3649 1197 3738 uariorum
1224 3649 1290 3748 111

941 3787 1155 3909 ornrvu
1187 3787 1259 3876 nt

384 4027 531 4122 Omnia
559 4026 847 4139 plauserunt,
875 4041 916 4110 et
944 4026 1105 4138 antiqua
1131 4011 1331 4102 hodiernis
1370 4045 1528 4132 prorsus
1575 4014 1724 4104 similia.
1753 4011 1936 4122 Quodsi

273 4170 344 4274 id,
373 4167 489 4282 quod
516 4169 721 4280 posteriori
748 4165 836 4252 loeo
864 4162 1172 4260 observavimus,
1190 4153 1252 4242 Cl
1268 4155 1474 4278 Forgesius
1488 4154 1743 4262 adtendunt,
1760 4156 1940 4270 Respam

285 4395 542 4417 ffl
1141 4387 1348 4412 m
1621 4418 1626 4428 ,
1754 4375 1939 4422 ’.ῃ

390 4534 447 4634 (ι)
484 4531 592 4626 Bello
632 4546 724 4622 stote
762 4529 961 4634 impersetto
986 4527 1080 4608 detta
1128 4527 1329 4642 Geogrqfia
1372 4530 1517 4624 antica,
1544 4525 1626 4608 into
1652 4527 1737 4608 teu
1773 4527 1937 4608 Societrtlr

277 4665 499 4762 l³outaniame
523 4659 603 4734 Vol.
632 4659 664 4733 l.
692 4657 799 4762 Neap.

379 4786 436 4887 (α)
462 4789 604 4867 Amica
633 4787 857 4890 Topografia
881 4787 1035 4866 tuorna
1061 4783 1126 4866 det
1149 4789 1277 4894 Regno
1302 4793 1342 4870 clr'
1365 4789 1514 4898 Nepoti.
1544 4789 1593 4869 P.
1622 4790 1658 4866 1.

378 4915 438 5030 (3)
463 4914 617 5010 Plruibus
643 4915 763 4994 abhinc
785 4927 870 4996 retro
888 4916 979 5007 annis
1001 4940 1078 4996 cum
1107 4915 1424 5004 Commentariolum
1442 4921 1458 5026 (
1479 4913 1654 5100 Del8'1'ofo
1680 4907 1834 5010 struo,
1855 4907 1926 4986 Aut

1526 5045 1548 5104 2
1648 5037 1658 5062 .
