4870 6630
1030 571 1178 698 (9⁵)

987 799 1227 892 cano

737 1032 797 1098 AD
819 1029 1184 1101 carnacouuttutt
1205 1031 1472 1096 ractnttottat.

244 1273 416 1447 Suus
436 1354 478 1438 in
488 1347 705 1436 Ecclesiam
717 1342 804 1462 (sic)
816 1343 956 1432 limine
965 1342 1156 1432 Sacerdos
1165 1338 1433 1430 cathetisando
1450 1365 1556 1428 stans
1574 1339 1714 1428 limine
1733 1344 1946 1458 interrogat

244 1498 311 1580 ita
358 1483 529 1580 dicendo
558 1519 600 1586 ’ς
635 1487 827 1572 Iohannes
855 1483 925 1602 (*)
953 1485 1056 1602 quid
1095 1489 1196 1598 petis
1234 1481 1287 1568 ad
1316 1483 1535 1570 Ecclesiam
1564 1485 1641 1568 Dei
1671 1498 1713 1560 :t
1743 1509 1779 1568 u.
1807 1505 1850 1562 ι·
1884 1484 1949 1566 Fi-

241 1638 363 1727 dem
395 1648 438 1714 a
471 1632 692 1744 Interrogat
720 1646 763 1710 τ·-
797 1625 917 1711 Fides
946 1625 1048 1742 quid
1079 1627 1152 1712 tibi
1181 1647 1327 1739 prestat
1350 1638 1393 1702 ἓ
1423 1664 1458 1722 ῃ.
1484 1644 1526 1708 =
1552 1625 1688 1712 Vitam
1716 1646 1890 1710 eternam
1906 1637 1972 1704 ='

260 1783 339 1870 Ait
359 1775 548 1865 Sacerdos
570 1785 612 1854 t=
632 1770 673 1856 Si
694 1773 754 1854 tis
782 1770 925 1856 habere
953 1774 1079 1855 vitam
1108 1793 1283 1855 eternam
1313 1797 1424 1853 serva
1452 1765 1647 1852 mandata.
1675 1768 1810 1882 Dilige
1828 1766 1952 1850 deum

253 1943 385 2006 tunm
412 1949 461 2004 ex
490 1939 574 2003 toto
602 1912 720 2001 eorde
748 1937 855 2022 tuo,
901 1933 941 1997 et
987 1945 1034 2000 ex
1065 1936 1146 1998 tota
1175 1934 1308 1999 mente
1352 1932 1457 2017 tua,
1504 1931 1545 1998 et
1572 1914 1805 2023 proximum
1833 1927 1953 1994 tuum

265 2064 377 2145 sicut
406 2069 589 2172 teipsum,
616 2059 660 2139 in
690 2058 783 2165 ipsis
811 2051 972 2138 duobus
1000 2053 1196 2136 mandat-is
1224 2075 1306 2139 tota
1334 2052 1400 2138 lex
1427 2051 1576 2168 pendet
1604 2072 1644 2136 et
1671 2050 1871 2165 prophete.
1890 2049 1954 2133 Fiss

259 2198 344 2284 des
375 2217 507 2282 autem
537 2217 593 2280 est
624 2214 670 2278 ut
696 2221 827 2278 unum
857 2192 1069 2279 dominum
1098 2198 1140 2282 in
1167 2197 1362 2300 trinitate,
1381 2214 1421 2278 et
1448 2199 1641 2279 unitatem
1662 2197 1869 2296 venereris,
1888 2222 1954 2276 ne·

259 2364 348 2449 que
379 2333 668 2418 confundentes
696 2363 1042 2449 personas‚neque
1069 2337 1327 2422 substantiam
1363 2357 1589 2446 separantes
1618 2335 1706 2419 Alia
1743 2349 1801 2418 est
1839 2335 1947 2418 enim

252 2507 426 2592 persona
453 2475 680 2586 patris‚alia
709 2474 811 2583 filii,
859 2476 933 2560 alia
961 2481 1121 2590 spiritus
1148 2482 1280 2564 sancti.
1309 2475 1388 2562 Sed
1415 2480 1559 2564 harum
1587 2481 1740 2583 trium,
1780 2503 1861 2558 una
1890 2496 1948 2558 est

251 2642 300 2702 et
340 2648 421 2703 non
451 2617 525 2701 nisi
554 2647 631 2702 una
676 2616 869 2706 divinitae
899 2616 1026 2701 Exeat
1054 2651 1148 2739 ergo
1175 2622 1228 2706 de
1255 2641 1295 2704 te
1322 2622 1483 2733 spiritus
1510 2617 1708 2734 malignus
1745 2637 1785 2700 et
1821 2619 1947 2730 ingre

250 2759 395 2842 diatur
423 2761 586 2871 spiritus
614 2757 752 2843 honus
781 2760 980 2846 Peneum
1009 2765 1081 2877 qui
1110 2785 1303 2848 venturus
1331 2782 1390 2847 est
1417 2757 1591 2845 iudicare
1621 2761 1736 2840 vivos
1766 2776 1804 2838 et
1831 2783 1942 2840 mor-

256 2923 352 2986 tuos
380 2921 419 2986 et
446 2901 626 2986 seculum
657 2931 728 3014 per
757 2906 890 3018 ignem
918 2926 962 2989 τι
988 2905 1096 2988 Item
1134 2903 1233 2990 dicit
1261 2901 1448 2990 Sacerdos
1484 2901 1549 2986 hic
1584 2899 1725 2986 sufflet
1760 2898 1804 2986 in
1846 2895 1943 2983 facie

257 3046 380 3156 pueri
410 3065 546 3155 parato
573 3047 708 3128 animo
736 3048 777 3126 in
806 3044 979 3130 modum
1007 3047 1136 3129 crucis
1165 3048 1218 3128 ita
1246 3042 1417 3131 diceudo
1443 3044 1509 3128 hic
1536 3046 1578 3128 in
1604 3037 1778 3127 modum
1797 3055 1840 3124 :t
1865 3038 1945 3125 Exi

261 3187 314 3270 ab
342 3209 402 3270 eo'
419 3183 634 3270 immunde
661 3190 824 3298 spiritus
852 3209 892 3272 et
920 3185 971 3272 da
1001 3191 1037 3272 ei
1055 3186 1253 3299 Spiritum
1271 3185 1462 3278 Sanctum
1481 3181 1722 3297 paraclitum
1741 3207 1813 3292 per
1830 3180 1945 3261 istam

256 3325 570 3413 insufflationem
585 3350 624 3412 et
639 3327 795 3413 domini
810 3323 1126 3414 benedictionem
1139 3344 1182 3410 :t
1208 3331 1288 3414 Pax
1318 3331 1393 3416 tibi
1412 3343 1455 3407 :t
1478 3369 1514 3428 a.
1530 3357 1573 3419 ε
1588 3346 1628 3410 et
1655 3351 1803 3416 cum:
1825 3319 1944 3404 Dein·

256 3468 309 3553 de
337 3469 451 3554 saciat
479 3499 639 3555 crucem
668 3475 709 3555 in
739 3471 869 3556 fronte
899 3468 1078 3556 eiusdem
1108 3502 1150 3568 :a
1186 3470 1379 3556 Iohannes
1417 3473 1581 3588 siguum
1624 3463 1828 3552 salvatoris
1860 3461 1946 3545 Do·

257 3615 357 3696 mini
386 3614 510 3696 nostri
539 3612 617 3697 Ilau
646 3611 730 3725 Xpi
759 3616 802 3698 in
850 3611 981 3698 fronte
1021 3633 1088 3698 tua
1125 3633 1252 3722 'pono
1279 3627 1322 3689 a
1354 3609 1470 3697 Tunc
1498 3609 1612 3696 saciat
1640 3619 1670 3708 †
1698 3635 1793 3690 cum
1830 3601 1945 3717 polli-

258 3779 302 3832 ce
331 3752 372 3832 in
401 3770 559 3861 pectore
587 3755 672 3834 eius
701 3750 875 3838 dicendo
902 3775 945 3838 r:
978 3753 1175 3840 Iohannes
1211 3756 1370 3870 signum
1400 3757 1527 3840 crucis
1570 3773 1653 3838 tam
1696 3754 1740 3836 in
1784 3745 1943 3854 fronte,

259 3919 384 4004 quam
412 3894 453 3974 in
482 3887 600 3975 corde
644 3919 801 3978 summa
841 3892 989 3978 scilicet
1026 3891 1090 3980 dei
1144 3917 1447 4012 praeceptorum
1484 3897 1699 3983 celestium.
1726 3890 1832 3978 Talis
1860 3913 1944 3977 esto

259 4033 437 4117 moribus
466 4057 513 4118 ut
542 4034 742 4146 templum
789 4033 819 4122 †
861 4065 946 4122 esse
974 4040 1100 4149 possis
1127 4041 1401 4154 ingressusque
1430 4037 1648 4124 Ecclesiam
1676 4033 1741 4122 dei
1780 4039 1943 4123 evasisse

257 4194 294 4256 te
323 4171 513 4288 laqueum
543 4178 682 4259 mortis
711 4175 812 4262 letus
840 4206 1034 4294 agnosce:
1065 4179 1244 4264 horresce
1271 4175 1399 4286 idola,
1418 4209 1559 4293 respue
1585 4175 1828 4282 simulacra,
1856 4177 1942 4264 cole

256 4310 479 4400 dominum
510 4338 663 4428 patrem
700 4324 1013 4433 omnipotentem
1061 4344 1101 4406 et
1139 4323 1259 4408 lhum
1290 4323 1450 4439 Xptum
1487 4319 1621 4410 filium
1658 4325 1743 4407 eius
1778 4324 1943 4408 unicum

261 4456 483 4542 dominum
512 4481 703 4544 nostrum.
732 4459 814 4568 Qui
842 4487 1033 4549 venturus
1063 4485 1121 4551 est
1149 4465 1326 4552 iudicare
1354 4469 1467 4552 vivos
1495 4485 1536 4551 et
1566 4487 1751 4552 mortuos
1779 4488 1819 4550 et
1838 4495 1945 4551 secu·

261 4597 351 4680 ium
378 4629 449 4710 per
478 4604 623 4716 ignem.
652 4631 778 4686 amen
792 4625 834 4688 a
858 4604 1031 4692 Oremus
1045 4628 1087 4690 τε
1111 4609 1250 4696 Preces
1278 4629 1431 4695 nostras
1449 4640 1668 4727 quesumus
1688 4610 1852 4698 domiue
1867 4606 1942 4694 cle·

262 4761 414 4826 menter
442 4741 586 4830 exaudi
615 4764 656 4828 et
684 4744 791 4832 hunc
817 4748 991 4864 electum
1019 4771 1138 4837 tuum
1156 4757 1282 4839 crucis
1296 4749 1529 4864 dominicae,
1548 4761 1661 4846 cuius
1681 4755 1938 4868 impressione

1167 4973 1947 5008 ιιι-,Μ

364 5104 417 5208 (*)
444 5107 579 5184 Nomen
603 5136 664 5209 pro
688 5111 838 5213 exemplo
863 5111 1027 5214 positum.
