<?xml version="1.0" encoding="UTF-8"?>
<!DOCTYPE html PUBLIC "-//W3C//DTD XHTML 1.0 Transitional//EN"
    "http://www.w3.org/TR/xhtml1/DTD/xhtml1-transitional.dtd">
<html xmlns="http://www.w3.org/1999/xhtml" xml:lang="en" lang="en">
 <head>
  <title>
</title>
<meta http-equiv="Content-Type" content="text/html;charset=utf-8" />
  <meta name='ocr-system' content='tesseract 3.04.00' />
  <meta name='ocr-capabilities' content='ocr_page ocr_carea ocr_par ocr_line ocrx_word'/>
</head>
<body>
  <div class='ocr_page' id='page_1' title='image "./kalendariaveter00giovgoog_0254.png"; bbox 0 0 4870 6630; ppageno 0'>
   <div class='ocr_carea' id='block_1_1' title="bbox 996 559 1173 680">
    <p class='ocr_par' dir='ltr' id='par_1_1' title="bbox 996 559 1173 680">
     <span class='ocr_line' id='line_1_1' title="bbox 996 559 1173 680; baseline 0.011 -2"><span class='ocrx_word' id='word_1_1' title='bbox 996 559 1173 680; x_wconf 76' lang='lat'>(1³1)</span> 
     </span>
    </p>
   </div>
   <div class='ocr_carea' id='block_1_2' title="bbox 296 863 1849 964">
    <p class='ocr_par' dir='ltr' id='par_1_2' title="bbox 296 863 1849 964">
     <span class='ocr_line' id='line_1_2' title="bbox 296 863 1849 964; baseline 0.006 -12"><span class='ocrx_word' id='word_1_2' title='bbox 296 864 374 952; x_wconf 81' lang='lat' dir='ltr'>AD</span> <span class='ocrx_word' id='word_1_3' title='bbox 402 863 550 954; x_wconf 89' lang='lat' dir='ltr'><strong>DIEM</strong></span> <span class='ocrx_word' id='word_1_4' title='bbox 578 867 650 955; x_wconf 75' lang='lat' dir='ltr'>nt</span> <span class='ocrx_word' id='word_1_5' title='bbox 679 866 983 961; x_wconf 81' lang='lat' dir='ltr'><strong>FEBRUARII</strong></span> <span class='ocrx_word' id='word_1_6' title='bbox 1010 869 1236 959; x_wconf 86' lang='lat' dir='ltr'>ORDINIS</span> <span class='ocrx_word' id='word_1_7' title='bbox 1266 871 1469 962; x_wconf 78' lang='lat' dir='ltr'>tttssAL</span> <span class='ocrx_word' id='word_1_8' title='bbox 1498 871 1794 964; x_wconf 87' lang='lat' dir='ltr'>MELPHICT.</span> <span class='ocrx_word' id='word_1_9' title='bbox 1819 879 1849 962; x_wconf 88' lang='lat' dir='ltr'>l.</span> 
     </span>
    </p>
   </div>
   <div class='ocr_carea' id='block_1_3' title="bbox 433 1173 1713 1259">
    <p class='ocr_par' dir='ltr' id='par_1_3' title="bbox 433 1173 1713 1259">
     <span class='ocr_line' id='line_1_3' title="bbox 433 1173 1713 1259; baseline 0.003 -5"><span class='ocrx_word' id='word_1_10' title='bbox 433 1175 497 1254; x_wconf 90' lang='lat' dir='ltr'>DE</span> <span class='ocrx_word' id='word_1_11' title='bbox 539 1177 584 1254; x_wconf 87' lang='lat' dir='ltr'>B.</span> <span class='ocrx_word' id='word_1_12' title='bbox 613 1179 844 1254; x_wconf 78' lang='lat' dir='ltr'><strong>CONRADO</strong></span> <span class='ocrx_word' id='word_1_13' title='bbox 884 1173 1081 1258; x_wconf 80' lang='lat' dir='ltr'><strong>BAVARO</strong></span> <span class='ocrx_word' id='word_1_14' title='bbox 1117 1179 1312 1255; x_wconf 73' lang='lat' dir='ltr'>uitullus</span> <span class='ocrx_word' id='word_1_15' title='bbox 1356 1178 1713 1259; x_wconf 81' lang='lat' dir='ltr'><strong>CISTERCIENSIS</strong></span> 
     </span>
    </p>
   </div>
   <div class='ocr_carea' id='block_1_4' title="bbox 461 1389 1818 1474">
    <p class='ocr_par' dir='ltr' id='par_1_4' title="bbox 461 1389 1818 1474">
     <span class='ocr_line' id='line_1_4' title="bbox 461 1389 1818 1474; baseline 0.003 -6"><span class='ocrx_word' id='word_1_16' title='bbox 461 1402 847 1472; x_wconf 78' lang='lat' dir='ltr'>arenemcreusruu</span> <span class='ocrx_word' id='word_1_17' title='bbox 863 1402 1069 1472; x_wconf 76' lang='lat' dir='ltr'>caennsrr</span> <span class='ocrx_word' id='word_1_18' title='bbox 1093 1407 1448 1472; x_wconf 79' lang='lat' dir='ltr'>vroreanrrssmo</span> <span class='ocrx_word' id='word_1_19' title='bbox 1475 1409 1680 1474; x_wconf 80' lang='lat' dir='ltr'>earaouo</span> <span class='ocrx_word' id='word_1_20' title='bbox 1803 1389 1818 1420; x_wconf 77' lang='lat'><strong>⁹</strong></span> 
     </span>
    </p>
   </div>
   <div class='ocr_carea' id='block_1_5' title="bbox 632 1643 1529 1720">
    <p class='ocr_par' dir='ltr' id='par_1_5' title="bbox 632 1643 1529 1720">
     <span class='ocr_line' id='line_1_5' title="bbox 632 1643 1529 1720; baseline 0 -6"><span class='ocrx_word' id='word_1_21' title='bbox 632 1643 1117 1720; x_wconf 79' lang='lat' dir='ltr'><strong>COMMENTARIUS</strong></span> <span class='ocrx_word' id='word_1_22' title='bbox 1154 1643 1529 1717; x_wconf 86' lang='lat' dir='ltr'>HISTORICUS.</span> 
     </span>
    </p>
   </div>
   <div class='ocr_carea' id='block_1_6' title="bbox 226 1889 1920 3714">
    <p class='ocr_par' dir='ltr' id='par_1_6' title="bbox 226 1889 1920 3436">
     <span class='ocr_line' id='line_1_6' title="bbox 353 1889 1912 2008; baseline 0.001 -28"><span class='ocrx_word' id='word_1_23' title='bbox 353 1889 576 1996; x_wconf 82' lang='lat' dir='ltr'>conradus,</span> <span class='ocrx_word' id='word_1_24' title='bbox 604 1896 677 2008; x_wconf 89' lang='lat' dir='ltr'>qui</span> <span class='ocrx_word' id='word_1_25' title='bbox 704 1892 833 1977; x_wconf 81' lang='lat' dir='ltr'><strong>Sancti</strong></span> <span class='ocrx_word' id='word_1_26' title='bbox 862 1893 980 1980; x_wconf 88' lang='lat' dir='ltr'>titulo</span> <span class='ocrx_word' id='word_1_27' title='bbox 1007 1925 1030 1978; x_wconf 88' lang='lat' dir='ltr'>a</span> <span class='ocrx_word' id='word_1_28' title='bbox 1058 1894 1410 2008; x_wconf 88' lang='lat' dir='ltr'>Melpbictensibus</span> <span class='ocrx_word' id='word_1_29' title='bbox 1438 1898 1698 2006; x_wconf 78' lang='lat' dir='ltr'>honestatur,</span> <span class='ocrx_word' id='word_1_30' title='bbox 1734 1919 1773 1985; x_wconf 88' lang='lat' dir='ltr'>et</span> <span class='ocrx_word' id='word_1_31' title='bbox 1801 1904 1912 1985; x_wconf 90' lang='lat' dir='ltr'>cuius</span> 
     </span>
     <span class='ocr_line' id='line_1_7' title="bbox 226 2033 1917 2155; baseline -0.007 -27"><span class='ocrx_word' id='word_1_32' title='bbox 226 2041 498 2128; x_wconf 77' lang='lat' dir='ltr'>&#39;translationis</span> <span class='ocrx_word' id='word_1_33' title='bbox 544 2035 688 2121; x_wconf 86' lang='lat' dir='ltr'>festum</span> <span class='ocrx_word' id='word_1_34' title='bbox 717 2033 769 2119; x_wconf 86' lang='lat' dir='ltr'>ad</span> <span class='ocrx_word' id='word_1_35' title='bbox 797 2033 907 2120; x_wconf 92' lang='lat' dir='ltr'>diem</span> <span class='ocrx_word' id='word_1_36' title='bbox 936 2035 998 2118; x_wconf 86' lang='lat' dir='ltr'>IX</span> <span class='ocrx_word' id='word_1_37' title='bbox 1027 2035 1253 2143; x_wconf 85' lang='lat' dir='ltr'>Februarii,</span> <span class='ocrx_word' id='word_1_38' title='bbox 1282 2063 1322 2124; x_wconf 89' lang='lat' dir='ltr'>et</span> <span class='ocrx_word' id='word_1_39' title='bbox 1350 2039 1480 2125; x_wconf 90' lang='lat' dir='ltr'>rubris</span> <span class='ocrx_word' id='word_1_40' title='bbox 1508 2039 1675 2155; x_wconf 88' lang='lat' dir='ltr'>quidem</span> <span class='ocrx_word' id='word_1_41' title='bbox 1694 2039 1834 2128; x_wconf 83' lang='lat' dir='ltr'>litteris</span> <span class='ocrx_word' id='word_1_42' title='bbox 1848 2044 1917 2129; x_wconf 77' lang='lat' dir='ltr'>ad·</span> 
     </span>
     <span class='ocr_line' id='line_1_8' title="bbox 241 2176 1909 2318; baseline -0.004 -45"><span class='ocrx_word' id='word_1_43' title='bbox 241 2189 438 2318; x_wconf 57' lang='lat' dir='ltr'>scribitur,</span> <span class='ocrx_word' id='word_1_44' title='bbox 468 2189 510 2268; x_wconf 93' lang='lat' dir='ltr'>in</span> <span class='ocrx_word' id='word_1_45' title='bbox 538 2179 778 2287; x_wconf 83' lang='lat' dir='ltr'>Kalendario</span> <span class='ocrx_word' id='word_1_46' title='bbox 806 2179 954 2264; x_wconf 89' lang='lat' dir='ltr'>Missali</span> <span class='ocrx_word' id='word_1_47' title='bbox 983 2176 1158 2284; x_wconf 77' lang='lat' dir='ltr'>ordini,</span> <span class='ocrx_word' id='word_1_48' title='bbox 1186 2183 1239 2267; x_wconf 89' lang='lat' dir='ltr'>de</span> <span class='ocrx_word' id='word_1_49' title='bbox 1268 2211 1351 2292; x_wconf 89' lang='lat' dir='ltr'>quo</span> <span class='ocrx_word' id='word_1_50' title='bbox 1379 2185 1421 2266; x_wconf 93' lang='lat' dir='ltr'>in</span> <span class='ocrx_word' id='word_1_51' title='bbox 1449 2183 1693 2268; x_wconf 85' lang='lat' dir='ltr'>Praefatione</span> <span class='ocrx_word' id='word_1_52' title='bbox 1712 2183 1909 2286; x_wconf 86' lang='lat' dir='ltr'>Generali,</span> 
     </span>
     <span class='ocr_line' id='line_1_9' title="bbox 245 2310 1915 2444; baseline 0 -32"><span class='ocrx_word' id='word_1_53' title='bbox 245 2323 446 2444; x_wconf 82' lang='lat' dir='ltr'>praefixo,</span> <span class='ocrx_word' id='word_1_54' title='bbox 482 2331 514 2410; x_wconf 92' lang='lat' dir='ltr'>is</span> <span class='ocrx_word' id='word_1_55' title='bbox 545 2328 701 2438; x_wconf 89' lang='lat' dir='ltr'>estqui</span> <span class='ocrx_word' id='word_1_56' title='bbox 731 2326 793 2407; x_wconf 84' lang='lat' dir='ltr'>uti</span> <span class='ocrx_word' id='word_1_57' title='bbox 821 2325 1056 2434; x_wconf 85' lang='lat' dir='ltr'>praecipuus</span> <span class='ocrx_word' id='word_1_58' title='bbox 1084 2319 1264 2407; x_wconf 90' lang='lat' dir='ltr'>Civitatis</span> <span class='ocrx_word' id='word_1_59' title='bbox 1294 2310 1487 2410; x_wconf 73' lang='lat' dir='ltr'>Patronus</span> <span class='ocrx_word' id='word_1_60' title='bbox 1516 2322 1915 2436; x_wconf 86' lang='lat' dir='ltr'>ablelpbietensibus,</span> 
     </span>
     <span class='ocr_line' id='line_1_10' title="bbox 258 2461 1920 2588; baseline -0.002 -32"><span class='ocrx_word' id='word_1_61' title='bbox 258 2467 441 2588; x_wconf 88' lang='lat' dir='ltr'>pluribus</span> <span class='ocrx_word' id='word_1_62' title='bbox 471 2466 613 2576; x_wconf 83' lang='lat' dir='ltr'>abhinc</span> <span class='ocrx_word' id='word_1_63' title='bbox 640 2464 802 2549; x_wconf 89' lang='lat' dir='ltr'>saeculis</span> <span class='ocrx_word' id='word_1_64' title='bbox 830 2465 984 2548; x_wconf 87' lang='lat' dir='ltr'>oolitur.</span> <span class='ocrx_word' id='word_1_65' title='bbox 1012 2461 1097 2546; x_wconf 89' lang='lat' dir='ltr'>Nec</span> <span class='ocrx_word' id='word_1_66' title='bbox 1126 2484 1282 2548; x_wconf 89' lang='lat' dir='ltr'>tantum</span> <span class='ocrx_word' id='word_1_67' title='bbox 1304 2469 1342 2549; x_wconf 93' lang='lat' dir='ltr'>in</span> <span class='ocrx_word' id='word_1_68' title='bbox 1362 2464 1589 2550; x_wconf 84' lang='lat' dir='ltr'>kalendario</span> <span class='ocrx_word' id='word_1_69' title='bbox 1608 2473 1691 2550; x_wconf 90' lang='lat' dir='ltr'>eius</span> <span class='ocrx_word' id='word_1_70' title='bbox 1706 2466 1793 2552; x_wconf 81' lang='lat' dir='ltr'>sesti</span> <span class='ocrx_word' id='word_1_71' title='bbox 1814 2497 1920 2552; x_wconf 84' lang='lat' dir='ltr'>conr-</span> 
     </span>
     <span class='ocr_line' id='line_1_11' title="bbox 240 2603 1913 2723; baseline 0.002 -35"><span class='ocrx_word' id='word_1_72' title='bbox 240 2611 471 2692; x_wconf 77' lang='lat' dir='ltr'><strong>memoratio</strong></span> <span class='ocrx_word' id='word_1_73' title='bbox 499 2605 700 2706; x_wconf 82' lang='lat' dir='ltr'>babetur,</span> <span class='ocrx_word' id='word_1_74' title='bbox 715 2607 814 2716; x_wconf 89' lang='lat' dir='ltr'>quin</span> <span class='ocrx_word' id='word_1_75' title='bbox 842 2607 962 2688; x_wconf 87' lang='lat' dir='ltr'>etiam</span> <span class='ocrx_word' id='word_1_76' title='bbox 990 2623 1031 2685; x_wconf 88' lang='lat' dir='ltr'>et</span> <span class='ocrx_word' id='word_1_77' title='bbox 1058 2603 1102 2690; x_wconf 90' lang='lat' dir='ltr'>iu</span> <span class='ocrx_word' id='word_1_78' title='bbox 1141 2605 1289 2690; x_wconf 88' lang='lat' dir='ltr'>Missali</span> <span class='ocrx_word' id='word_1_79' title='bbox 1319 2612 1405 2722; x_wconf 85' lang='lat' dir='ltr'>ipso</span> <span class='ocrx_word' id='word_1_80' title='bbox 1433 2607 1551 2689; x_wconf 88' lang='lat' dir='ltr'>Missa</span> <span class='ocrx_word' id='word_1_81' title='bbox 1572 2607 1748 2718; x_wconf 89' lang='lat' dir='ltr'>specialis</span> <span class='ocrx_word' id='word_1_82' title='bbox 1767 2608 1913 2723; x_wconf 87' lang='lat' dir='ltr'>legitur</span> 
     </span>
     <span class='ocr_line' id='line_1_12' title="bbox 244 2741 1909 2857; baseline -0.001 -26"><span class='ocrx_word' id='word_1_83' title='bbox 244 2779 338 2832; x_wconf 90' lang='lat' dir='ltr'>cum</span> <span class='ocrx_word' id='word_1_84' title='bbox 366 2745 540 2831; x_wconf 82' lang='lat' dir='ltr'>introitu</span> <span class='ocrx_word' id='word_1_85' title='bbox 565 2792 607 2856; x_wconf 55' lang='grc' dir='ltr'>ς</span> <span class='ocrx_word' id='word_1_86' title='bbox 631 2741 891 2832; x_wconf 76' lang='lat' dir='ltr'>Gmtdeamus</span> <span class='ocrx_word' id='word_1_87' title='bbox 918 2775 1056 2830; x_wconf 83' lang='lat' dir='ltr'>omnes</span> <span class='ocrx_word' id='word_1_88' title='bbox 1087 2765 1188 2849; x_wconf 86' lang='lat' dir='ltr'>eto,</span> <span class='ocrx_word' id='word_1_89' title='bbox 1215 2769 1255 2830; x_wconf 88' lang='lat' dir='ltr'>et</span> <span class='ocrx_word' id='word_1_90' title='bbox 1284 2748 1411 2834; x_wconf 89' lang='lat' dir='ltr'>tribus</span> <span class='ocrx_word' id='word_1_91' title='bbox 1429 2747 1599 2857; x_wconf 88' lang='lat' dir='ltr'>propriis</span> <span class='ocrx_word' id='word_1_92' title='bbox 1627 2744 1909 2850; x_wconf 83' lang='lat' dir='ltr'>Orationibus,</span> 
     </span>
     <span class='ocr_line' id='line_1_13' title="bbox 247 2883 1914 3008; baseline 0.002 -35"><span class='ocrx_word' id='word_1_93' title='bbox 247 2920 343 3006; x_wconf 88' lang='lat' dir='ltr'>quas</span> <span class='ocrx_word' id='word_1_94' title='bbox 372 2885 424 2972; x_wconf 88' lang='lat' dir='ltr'>ad</span> <span class='ocrx_word' id='word_1_95' title='bbox 452 2893 575 2972; x_wconf 87' lang='lat' dir='ltr'>imam</span> <span class='ocrx_word' id='word_1_96' title='bbox 594 2884 852 2970; x_wconf 83' lang='lat' dir='ltr'>emendamus</span> <span class='ocrx_word' id='word_1_97' title='bbox 881 2895 1066 3008; x_wconf 83' lang='lat' dir='ltr'>paginam</span> <span class='ocrx_word' id='word_1_98' title='bbox 1085 2884 1155 3004; x_wconf 89' lang='lat' dir='ltr'>(t).</span> <span class='ocrx_word' id='word_1_99' title='bbox 1189 2889 1459 2974; x_wconf 90' lang='lat' dir='ltr'>Commentari</span> <span class='ocrx_word' id='word_1_100' title='bbox 1487 2888 1608 2998; x_wconf 83' lang='lat' dir='ltr'>igitur</span> <span class='ocrx_word' id='word_1_101' title='bbox 1646 2883 1697 2972; x_wconf 91' lang='lat' dir='ltr'>de</span> <span class='ocrx_word' id='word_1_102' title='bbox 1729 2888 1803 2974; x_wconf 89' lang='lat' dir='ltr'>hoc</span> <span class='ocrx_word' id='word_1_103' title='bbox 1821 2890 1914 2976; x_wconf 86' lang='lat' dir='ltr'>Bea-</span> 
     </span>
     <span class='ocr_line' id='line_1_14' title="bbox 245 3025 1913 3146; baseline 0.001 -30"><span class='ocrx_word' id='word_1_104' title='bbox 245 3057 287 3116; x_wconf 89' lang='lat' dir='ltr'>to</span> <span class='ocrx_word' id='word_1_105' title='bbox 329 3032 531 3144; x_wconf 82' lang='lat' dir='ltr'>aliquanto</span> <span class='ocrx_word' id='word_1_106' title='bbox 559 3027 715 3142; x_wconf 81' lang='lat' dir='ltr'>longius</span> <span class='ocrx_word' id='word_1_107' title='bbox 744 3025 891 3138; x_wconf 87' lang='lat' dir='ltr'>placet,</span> <span class='ocrx_word' id='word_1_108' title='bbox 920 3054 959 3114; x_wconf 88' lang='lat' dir='ltr'>et</span> <span class='ocrx_word' id='word_1_109' title='bbox 986 3031 1099 3145; x_wconf 90' lang='lat' dir='ltr'>quod</span> <span class='ocrx_word' id='word_1_110' title='bbox 1125 3035 1286 3118; x_wconf 88' lang='lat' dir='ltr'>historia</span> <span class='ocrx_word' id='word_1_111' title='bbox 1323 3033 1457 3134; x_wconf 88' lang='lat' dir='ltr'>vitae,</span> <span class='ocrx_word' id='word_1_112' title='bbox 1494 3035 1659 3146; x_wconf 90' lang='lat' dir='ltr'>eiusque</span> <span class='ocrx_word' id='word_1_113' title='bbox 1696 3035 1806 3146; x_wconf 89' lang='lat' dir='ltr'>apud</span> <span class='ocrx_word' id='word_1_114' title='bbox 1843 3065 1913 3122; x_wconf 83' lang='lat' dir='ltr'>nes</span> 
     </span>
     <span class='ocr_line' id='line_1_15' title="bbox 244 3168 1910 3292; baseline 0.004 -40"><span class='ocrx_word' id='word_1_115' title='bbox 244 3179 395 3285; x_wconf 79' lang='lat' dir='ltr'>cultus,</span> <span class='ocrx_word' id='word_1_116' title='bbox 434 3168 633 3292; x_wconf 84' lang='lat' dir='ltr'>aliquibus</span> <span class='ocrx_word' id='word_1_117' title='bbox 661 3169 828 3254; x_wconf 86' lang='lat' dir='ltr'>obnoxia</span> <span class='ocrx_word' id='word_1_118' title='bbox 857 3177 907 3257; x_wconf 90' lang='lat' dir='ltr'>sit</span> <span class='ocrx_word' id='word_1_119' title='bbox 934 3170 1266 3277; x_wconf 73' lang='lat' dir='ltr'>difficultatibus,</span> <span class='ocrx_word' id='word_1_120' title='bbox 1295 3193 1334 3258; x_wconf 89' lang='lat' dir='ltr'>et</span> <span class='ocrx_word' id='word_1_121' title='bbox 1363 3173 1480 3254; x_wconf 89' lang='lat' dir='ltr'>etiam</span> <span class='ocrx_word' id='word_1_122' title='bbox 1510 3169 1622 3284; x_wconf 90' lang='lat' dir='ltr'>quod</span> <span class='ocrx_word' id='word_1_123' title='bbox 1661 3178 1783 3284; x_wconf 86' lang='lat' dir='ltr'>patria</span> <span class='ocrx_word' id='word_1_124' title='bbox 1813 3179 1910 3290; x_wconf 86' lang='lat' dir='ltr'>ipsa,</span> 
     </span>
     <span class='ocr_line' id='line_1_16' title="bbox 248 3311 1916 3436; baseline 0 -30"><span class='ocrx_word' id='word_1_125' title='bbox 248 3345 443 3436; x_wconf 87' lang='lat' dir='ltr'>utquam</span> <span class='ocrx_word' id='word_1_126' title='bbox 478 3321 694 3402; x_wconf 82' lang='lat' dir='ltr'>maximam</span> <span class='ocrx_word' id='word_1_127' title='bbox 723 3340 885 3422; x_wconf 88' lang='lat' dir='ltr'>operam</span> <span class='ocrx_word' id='word_1_128' title='bbox 915 3317 1163 3402; x_wconf 85' lang='lat' dir='ltr'>conferamus</span> <span class='ocrx_word' id='word_1_129' title='bbox 1192 3337 1395 3418; x_wconf 86' lang='lat' dir='ltr'>nostram,</span> <span class='ocrx_word' id='word_1_130' title='bbox 1434 3311 1485 3397; x_wconf 90' lang='lat' dir='ltr'>ad</span> <span class='ocrx_word' id='word_1_131' title='bbox 1523 3315 1727 3398; x_wconf 85' lang='lat' dir='ltr'>veritatem</span> <span class='ocrx_word' id='word_1_132' title='bbox 1777 3318 1916 3408; x_wconf 87' lang='lat' dir='ltr'>diluci-</span> 
     </span>
    </p>

    <p class='ocr_par' dir='ltr' id='par_1_7' title="bbox 243 3455 1902 3714">
     <span class='ocr_line' id='line_1_17' title="bbox 243 3455 1386 3572; baseline -0.003 -30"><span class='ocrx_word' id='word_1_133' title='bbox 243 3461 452 3562; x_wconf 84' lang='lat' dir='ltr'>dandam,</span> <span class='ocrx_word' id='word_1_134' title='bbox 492 3460 692 3570; x_wconf 82' lang='lat' dir='ltr'>requirere</span> <span class='ocrx_word' id='word_1_135' title='bbox 720 3459 846 3540; x_wconf 91' lang='lat' dir='ltr'>immo</span> <span class='ocrx_word' id='word_1_136' title='bbox 875 3477 913 3538; x_wconf 87' lang='lat' dir='ltr'>et</span> <span class='ocrx_word' id='word_1_137' title='bbox 941 3481 1176 3572; x_wconf 64' lang='lat' dir='ltr'>extorquere</span> <span class='ocrx_word' id='word_1_138' title='bbox 1196 3455 1386 3544; x_wconf 84' lang='lat' dir='ltr'>videatur.</span> 
     </span>
     <span class='ocr_line' id='line_1_18' title="bbox 367 3591 1902 3714; baseline 0.001 -31"><span class='ocrx_word' id='word_1_139' title='bbox 367 3601 468 3694; x_wconf 85' lang='lat' dir='ltr'>Eius</span> <span class='ocrx_word' id='word_1_140' title='bbox 497 3598 699 3681; x_wconf 70' lang='lat' dir='ltr'>historiam</span> <span class='ocrx_word' id='word_1_141' title='bbox 728 3598 968 3682; x_wconf 84' lang='lat' dir='ltr'>P.Antouius</span> <span class='ocrx_word' id='word_1_142' title='bbox 998 3603 1213 3684; x_wconf 88' lang='lat' dir='ltr'>Damianos</span> <span class='ocrx_word' id='word_1_143' title='bbox 1252 3601 1448 3681; x_wconf 84' lang='lat' dir='ltr'>Societatis</span> <span class='ocrx_word' id='word_1_144' title='bbox 1482 3591 1568 3676; x_wconf 87' lang='lat' dir='ltr'>lesu</span> <span class='ocrx_word' id='word_1_145' title='bbox 1588 3593 1768 3714; x_wconf 87' lang='lat' dir='ltr'>undique</span> <span class='ocrx_word' id='word_1_146' title='bbox 1787 3601 1902 3686; x_wconf 88' lang='lat' dir='ltr'>eolle-</span> 
     </span>
    </p>
   </div>
   <div class='ocr_carea' id='block_1_7' title="bbox 259 3835 1913 3868">
    <p class='ocr_par' dir='ltr' id='par_1_8' title="bbox 259 3835 1913 3868">
     <span class='ocr_line' id='line_1_19' title="bbox 259 3835 1913 3868; baseline 0 -12"><span class='ocrx_word' id='word_1_147' title='bbox 259 3837 296 3868; x_wconf 49' lang='grc' dir='ltr'><strong>μ</strong></span> <span class='ocrx_word' id='word_1_148' title='bbox 1877 3835 1913 3856; x_wconf 56' lang='lat' dir='ltr'>U</span> 
     </span>
    </p>
   </div>
   <div class='ocr_carea' id='block_1_8' title="bbox 251 3968 1932 4874">
    <p class='ocr_par' dir='ltr' id='par_1_9' title="bbox 251 3968 1932 4327">
     <span class='ocr_line' id='line_1_20' title="bbox 351 3968 1919 4070; baseline 0.003 -28"><span class='ocrx_word' id='word_1_149' title='bbox 351 3969 407 4070; x_wconf 88' lang='lat' dir='ltr'>(r)</span> <span class='ocrx_word' id='word_1_150' title='bbox 435 3969 530 4040; x_wconf 88' lang='lat' dir='ltr'>Orat.</span> <span class='ocrx_word' id='word_1_151' title='bbox 560 3968 651 4040; x_wconf 87' lang='lat' dir='ltr'>Deus</span> <span class='ocrx_word' id='word_1_152' title='bbox 674 3971 731 4067; x_wconf 89' lang='lat' dir='ltr'>qui</span> <span class='ocrx_word' id='word_1_153' title='bbox 757 3969 795 4042; x_wconf 90' lang='grc' dir='ltr'>Β.</span> <span class='ocrx_word' id='word_1_154' title='bbox 806 3985 897 4044; x_wconf 87' lang='lat' dir='ltr'>atum</span> <span class='ocrx_word' id='word_1_155' title='bbox 923 3974 1114 4050; x_wconf 88' lang='lat' dir='ltr'>Conradum</span> <span class='ocrx_word' id='word_1_156' title='bbox 1141 3971 1368 4043; x_wconf 78' lang='lat' dir='ltr'>Confessorem</span> <span class='ocrx_word' id='word_1_157' title='bbox 1396 3985 1522 4062; x_wconf 88' lang='lat' dir='ltr'>tuum,</span> <span class='ocrx_word' id='word_1_158' title='bbox 1551 3969 1716 4068; x_wconf 83' lang='lat' dir='ltr'>eremique</span> <span class='ocrx_word' id='word_1_159' title='bbox 1758 3969 1919 4046; x_wconf 83' lang='lat' dir='ltr'>cultorem</span> 
     </span>
     <span class='ocr_line' id='line_1_21' title="bbox 251 4097 1932 4198; baseline 0.001 -20"><span class='ocrx_word' id='word_1_160' title='bbox 251 4104 375 4178; x_wconf 85' lang='lat' dir='ltr'>celestis</span> <span class='ocrx_word' id='word_1_161' title='bbox 400 4097 501 4197; x_wconf 85' lang='lat' dir='ltr'>patrie</span> <span class='ocrx_word' id='word_1_162' title='bbox 539 4097 646 4169; x_wconf 88' lang='lat' dir='ltr'>civem</span> <span class='ocrx_word' id='word_1_163' title='bbox 672 4097 800 4170; x_wconf 84' lang='lat' dir='ltr'>allicere</span> <span class='ocrx_word' id='word_1_164' title='bbox 825 4101 972 4197; x_wconf 87' lang='lat' dir='ltr'>voluisti,</span> <span class='ocrx_word' id='word_1_165' title='bbox 1000 4101 1143 4178; x_wconf 87' lang='lat' dir='ltr'>concode</span> <span class='ocrx_word' id='word_1_166' title='bbox 1168 4101 1355 4198; x_wconf 79' lang='lat' dir='ltr'>propitiuS,</span> <span class='ocrx_word' id='word_1_167' title='bbox 1385 4113 1422 4170; x_wconf 90' lang='lat' dir='ltr'>ut</span> <span class='ocrx_word' id='word_1_168' title='bbox 1457 4102 1524 4173; x_wconf 82' lang='lat' dir='ltr'>eius</span> <span class='ocrx_word' id='word_1_169' title='bbox 1550 4099 1745 4170; x_wconf 83' lang='lat' dir='ltr'>memoriam</span> <span class='ocrx_word' id='word_1_170' title='bbox 1764 4125 1932 4188; x_wconf 68' lang='lat' dir='ltr'>veneram.</span> 
     </span>
     <span class='ocr_line' id='line_1_22' title="bbox 251 4223 1506 4327; baseline -0.005 -23"><span class='ocrx_word' id='word_1_171' title='bbox 251 4247 300 4306; x_wconf 88' lang='lat' dir='ltr'>tes</span> <span class='ocrx_word' id='word_1_172' title='bbox 325 4225 455 4300; x_wconf 83' lang='lat' dir='ltr'>caleatis</span> <span class='ocrx_word' id='word_1_173' title='bbox 480 4237 683 4302; x_wconf 85' lang='lat' dir='ltr'>terrenorum</span> <span class='ocrx_word' id='word_1_174' title='bbox 709 4224 886 4302; x_wconf 73' lang='lat' dir='ltr'>attactibus</span> <span class='ocrx_word' id='word_1_175' title='bbox 907 4232 1056 4327; x_wconf 85' lang='lat' dir='ltr'>supernis</span> <span class='ocrx_word' id='word_1_176' title='bbox 1082 4227 1247 4303; x_wconf 78' lang='lat' dir='ltr'>desideriis</span> <span class='ocrx_word' id='word_1_177' title='bbox 1274 4223 1506 4301; x_wconf 74' lang='lat' dir='ltr'>accendamur-3</span> 
     </span>
    </p>

    <p class='ocr_par' dir='ltr' id='par_1_10' title="bbox 259 4349 1913 4564">
     <span class='ocr_line' id='line_1_23' title="bbox 360 4349 1913 4454; baseline -0.003 -29"><span class='ocrx_word' id='word_1_178' title='bbox 360 4353 474 4426; x_wconf 79' lang='lat' dir='ltr'>Sec.‘¹</span> <span class='ocrx_word' id='word_1_179' title='bbox 491 4349 603 4422; x_wconf 82' lang='lat' dir='ltr'>Plebis</span> <span class='ocrx_word' id='word_1_180' title='bbox 628 4365 683 4425; x_wconf 88' lang='lat' dir='ltr'>tue</span> <span class='ocrx_word' id='word_1_181' title='bbox 706 4379 886 4452; x_wconf 88' lang='lat' dir='ltr'>quesumus</span> <span class='ocrx_word' id='word_1_182' title='bbox 911 4356 1053 4436; x_wconf 85' lang='lat' dir='ltr'>Domine</span> <span class='ocrx_word' id='word_1_183' title='bbox 1080 4369 1155 4430; x_wconf 86' lang='lat' dir='ltr'>vota</span> <span class='ocrx_word' id='word_1_184' title='bbox 1181 4353 1340 4452; x_wconf 81' lang='lat' dir='ltr'>benignus</span> <span class='ocrx_word' id='word_1_185' title='bbox 1366 4352 1525 4446; x_wconf 76' lang='lat' dir='ltr'>adtende,</span> <span class='ocrx_word' id='word_1_186' title='bbox 1553 4379 1618 4454; x_wconf 89' lang='lat' dir='ltr'>quo</span> <span class='ocrx_word' id='word_1_187' title='bbox 1644 4357 1679 4426; x_wconf 91' lang='lat' dir='ltr'>io</span> <span class='ocrx_word' id='word_1_188' title='bbox 1711 4354 1798 4432; x_wconf 85' lang='lat' dir='ltr'>beati</span> <span class='ocrx_word' id='word_1_189' title='bbox 1824 4361 1913 4437; x_wconf 74' lang='lat' dir='ltr'>Con.</span> 
     </span>
     <span class='ocr_line' id='line_1_24' title="bbox 259 4479 1382 4564; baseline -0.004 -9"><span class='ocrx_word' id='word_1_190' title='bbox 259 4483 330 4559; x_wconf 87' lang='lat' dir='ltr'>radi</span> <span class='ocrx_word' id='word_1_191' title='bbox 358 4479 558 4555; x_wconf 87' lang='lat' dir='ltr'>Conlessoris</span> <span class='ocrx_word' id='word_1_192' title='bbox 584 4479 632 4551; x_wconf 87' lang='lat' dir='ltr'>tui</span> <span class='ocrx_word' id='word_1_193' title='bbox 659 4481 853 4554; x_wconf 87' lang='lat' dir='ltr'>memoriam</span> <span class='ocrx_word' id='word_1_194' title='bbox 879 4486 979 4556; x_wconf 85' lang='lat' dir='ltr'>saeris</span> <span class='ocrx_word' id='word_1_195' title='bbox 1003 4482 1160 4564; x_wconf 83' lang='lat' dir='ltr'>altaribus</span> <span class='ocrx_word' id='word_1_196' title='bbox 1184 4479 1382 4554; x_wconf 85' lang='lat' dir='ltr'>olleruntur.</span> 
     </span>
    </p>

    <p class='ocr_par' dir='ltr' id='par_1_11' title="bbox 261 4604 1923 4874">
     <span class='ocr_line' id='line_1_25' title="bbox 357 4604 1915 4715; baseline 0.006 -35"><span class='ocrx_word' id='word_1_197' title='bbox 357 4609 543 4684; x_wconf 84' lang='lat' dir='ltr'>Posteom.</span> <span class='ocrx_word' id='word_1_198' title='bbox 573 4604 740 4704; x_wconf 89' lang='lat' dir='ltr'>Populum</span> <span class='ocrx_word' id='word_1_199' title='bbox 765 4619 864 4681; x_wconf 88' lang='lat' dir='ltr'>tuum</span> <span class='ocrx_word' id='word_1_200' title='bbox 889 4608 1025 4685; x_wconf 86' lang='lat' dir='ltr'>domine</span> <span class='ocrx_word' id='word_1_201' title='bbox 1049 4611 1134 4686; x_wconf 86' lang='lat' dir='ltr'>beati</span> <span class='ocrx_word' id='word_1_202' title='bbox 1161 4608 1303 4683; x_wconf 89' lang='lat' dir='ltr'>Conradi</span> <span class='ocrx_word' id='word_1_203' title='bbox 1330 4606 1529 4681; x_wconf 73' lang='lat' dir='ltr'>Cordossoris</span> <span class='ocrx_word' id='word_1_204' title='bbox 1555 4611 1604 4682; x_wconf 90' lang='lat' dir='ltr'>tui</span> <span class='ocrx_word' id='word_1_205' title='bbox 1635 4609 1821 4687; x_wconf 70' lang='lat' dir='ltr'>intercessio</span> <span class='ocrx_word' id='word_1_206' title='bbox 1846 4613 1915 4715; x_wconf 85' lang='lat' dir='ltr'>glo-</span> 
     </span>
     <span class='ocr_line' id='line_1_26' title="bbox 261 4735 1923 4874; baseline 0.008 -67"><span class='ocrx_word' id='word_1_207' title='bbox 261 4736 346 4820; x_wconf 79' lang='lat' dir='ltr'>riosa</span> <span class='ocrx_word' id='word_1_208' title='bbox 372 4747 566 4823; x_wconf 84' lang='lat' dir='ltr'>conservet,</span> <span class='ocrx_word' id='word_1_209' title='bbox 594 4751 632 4814; x_wconf 85' lang='lat' dir='ltr'>ut</span> <span class='ocrx_word' id='word_1_210' title='bbox 656 4765 720 4838; x_wconf 87' lang='lat' dir='ltr'>que</span> <span class='ocrx_word' id='word_1_211' title='bbox 744 4737 808 4811; x_wconf 92' lang='lat' dir='ltr'>tibi</span> <span class='ocrx_word' id='word_1_212' title='bbox 833 4753 907 4812; x_wconf 85' lang='lat' dir='ltr'>sunt</span> <span class='ocrx_word' id='word_1_213' title='bbox 923 4739 1041 4837; x_wconf 83' lang='lat' dir='ltr'>placita</span> <span class='ocrx_word' id='word_1_214' title='bbox 1058 4739 1241 4844; x_wconf 83' lang='lat' dir='ltr'>frequenter</span> <span class='ocrx_word' id='word_1_215' title='bbox 1253 4749 1400 4814; x_wconf 79' lang='lat' dir='ltr'>exerceat</span> <span class='ocrx_word' id='word_1_216' title='bbox 1429 4749 1461 4814; x_wconf 86' lang='lat' dir='ltr'>et</span> <span class='ocrx_word' id='word_1_217' title='bbox 1486 4735 1640 4874; x_wconf 75' lang='lat' dir='ltr'>lqudabili</span> <span class='ocrx_word' id='word_1_218' title='bbox 1658 4738 1722 4813; x_wconf 88' lang='lat' dir='ltr'>fine</span> <span class='ocrx_word' id='word_1_219' title='bbox 1734 4741 1923 4821; x_wconf 85' lang='lat' dir='ltr'>concludat.</span> 
     </span>
    </p>
   </div>
   <div class='ocr_carea' id='block_1_9' title="bbox 0 0 2440 6630">
    <p class='ocr_par' dir='ltr' id='par_1_12' title="bbox 0 0 2440 6630">
     <span class='ocr_line' id='line_1_27' title="bbox 0 0 2440 6630; baseline 0 20"><span class='ocrx_word' id='word_1_220' title='bbox 0 0 2440 6630; x_wconf 95' lang='lat' dir='ltr'> </span> 
     </span>
    </p>
   </div>
  </div>
 </body>
</html>
