4914 6610
1266 480 1441 601 (aaa)
1490 589 1493 596 ,

507 653 875 769 ‘immobiliumque
901 677 1065 764 seseque
1093 647 1344 736 mobentium
1375 652 1589 740 devotione
1626 652 1807 742 fidelium
1836 663 1877 742 in
1907 663 2041 772 ipsum
2060 687 2188 748 aocet-

528 805 652 905 serit,
688 827 842 909 semper
869 799 912 882 in
939 823 1060 878 usum
1091 792 1270 880 eiusdem
1298 796 1429 881 Sancti
1459 791 1948 913 Episcopii,'vcstra'mque
1967 803 2196 906 utilitatem,

521 940 645 1026 idad
684 969 845 1022 omnem
875 967 999 1052 qnam
1037 933 1224 1052 indigerit
1266 935 1434 1022 fabricae
1480 941 1803 1022 restaurationem
1847 969 1894 1022 ac
1932 925 2197 1026 luminarium

521 1083 885 1182 concinnationem,
915 1107 1067 1162 necnon
1096 1077 1309 1162 utilitatem
1336 1084 1601 1194 omnipotenti
1630 1079 1725 1164 Deo·
1749 1081 1804 1165 ibi
1834 1079 1995 1164 laudem
2023 1079 2196 1164 referen-

519 1222 623 1303 tium
656 1213 845 1332 proficiat.
870 1215 1023 1300 Nullus
1059 1221 1110 1300 sit
1139 1217 1297 1333 quide
1325 1219 1442 1305 rebus
1472 1225 1591 1333 ipsis,
1623 1244 1690 1304 aut
1724 1226 1809 1305 eius
1849 1219 2194 1334 possessionibus,

523 1359 587 1446 vel
615 1387 871 1474 quocumque
895 1355 1008 1470 quod
1035 1362 1119 1441 eins
1156 1364 1255 1450 iuris
1285 1364 1480 1474 pertinere
1518 1361 1706 1468 videtur,
1742 1361 2036 1478 quoquomodo
2063 1360 2194 1444 aufer—

522 1533 596 1607 re,
625 1502 690 1588 vel
719 1502 884 1588 alienare
911 1515 1156 1610 praesumat,
1182 1522 1252 1586 aut
1279 1507 1499 1618 quicquam
1525 1503 1583 1587 ibi
1607 1503 1804 1607 laesionis,
1841 1526 1888 1586 ut
1921 1532 2096 1617 eumque
2132 1499 2192 1586 fa-

522 1648 597 1734 ciat
627 1667 820 1761 quatenus
849 1671 896 1732 ut
924 1649 1078 1735 dictum
1108 1666 1165 1728 est
1189 1639 1386 1759 quicquid
1419 1643 1541 1728 fuerit
1567 1673 1704 1726 rerum
1732 1639 1783 1725 ad
1799 1663 1967 1725 vestram
1988 1645 2191 1757 vestrique
2277 1677 2279 1680 ·

525 1787 733 1901 Episcopii
771 1790 1014 1894 utilitatem,
1043 1787 1109 1872 vel
1138 1789 1404 1870 necessitatem
1446 1782 1631 1895 prodesse
1645 1793 1724 1895 'per
1743 1786 1876 1865 omnia
1910 1781 2046 1866 valeat,
2073 1783 2194 1870 Libe·

523 1959 609 2015 ram
637 1930 871 2016 habentibus
896 1933 1013 2016 vobis
1036 1927 1216 2014 eiusdem
1243 1926 1354 2012 Sedis
1382 1925 1635 2009 Praesulibus
1659 1923 1886 2009 facultatem
1911 1949 2053 2015 cuncta
2073 1936 2196 2047 possi·

530 2067 682 2176 dandi,
704 2091 823 2184 atque
860 2071 1044 2158 decenter
1073 2071 1359 2180 Presbyteros‚
1388 2087 1428 2150 et
1453 2066 1675 2170 Diaconos,
1703 2088 1822 2180 atque
1850 2065 1958 2151 Cleri
1997 2070 2199 2160 inferioris·

527 2208 672 2324 gradus
714 2240 786 2322 per
830 2241 972 2298 manus
1009 2232 1154 2296 vestras
1192 2203 1433 2310 ordinandi,
1463 2205 1515 2291 ad
1552 2205 1773 2320 praefatum
1799 2209 1927 2318 ipsius
1961 2213 2204 2303 venerabilis

507 2347 629 2468 loci.
646 2381 772 2465 usque
812 2358 854 2436 in
902 2373 1154 2464 perpetuum.
1193 2351 1257 2434 De
1303 2365 1453 2435 caetero
1499 2353 1533 2430 si
1574 2353 1664 2462 quis
1706 2349 1913 2432 temerario
1962 2383 2061 2438 ausu
2103 2387 2198 2444 con-

528 2507 588 2572 tra
621 2489 741 2586 huius
762 2512 916 2576 nostrae
940 2493 1223 2603 praeceptionis
1252 2492 1420 2591 seriem,
1453 2487 1580 2571 veluti
1608 2489 1768 2574 anobis
1807 2509 1865 2572 est
1898 2493 2199 2611 promulgatum

529 2660 642 2748 agere
670 2653 890 2748 utcumque
927 2633 1229 2744 praesumserit,
1261 2654 1301 2715 et
1336 2631 1371 2714 ei
1405 2630 1460 2710 in'
1483 2625 1619 2742 aliquo
1648 2627 1844 2714 adversari
1882 2641 2115 2742 tentaverit,
2148 2642 2200 2722 sit

529 2771 783 2856 anathematis
819 2771 979 2857 vinculo
1014 2768 1252 2876 innodatus,
1281 2792 1434 2855 etcum
1464 2768 1667 2876 Diab010,
1686 2775 1848 2887 eiusque
1876 2780 2127 2862 atrocissimis
2150 2811 2198 2865 ac

531 2909 715 3028 malignis
748 2913 950 3024 spiritibus
984 2932 1142 2995 aeterno
1172 2901 1354 2996 incendio
1379 2910 1702 2998 concremandus,
1716 2914 1771 2999 At
1790 2945 1887 2998 vero
1910 2920 1980 3030 qui
1999 2923 2071 3030 pio
2086 2950 2201 3006 men-

536 3054 586 3134 tis
618 3055 769 3136 intuitu
797 3051 917 3136 huius
946 3055 1068 3135 nostri
1097 3050 1300 3168 Privilegii
1328 3073 1576 3138 conservator
1604 3058 1806 3158 exstiterit,
1825 3054 2107 3145 benedictionis
2136 3093 2199 3148 co·

532 3199 638 3305 piam
666 3196 717 3280 ah
754 3198 844 3307 ipso
875 3193 1053 3276 Domino
1082 3191 1173 3276 Iesu
1221 3191 1380 3277 Christo
1428 3198 1627 3307 percipere
1678 3217 1884 3279 mereatur.
1924 3197 2039 3286 Hanc
2066 3225 2200 3290 autem

530 3338 654 3418 nostri
698 3334 895 3452 privilegii
943 3339 1226 3422 attestationem
1255 3330 1416 3420 firmam
1464 3336 1727 3450 stabilemque
1758 3366 1992 3448 permanere
2021 3343 2202 3448 volentes,

534 3471 652 3556 scribi
679 3476 871 3560 iussimus.
896 3507 966 3588 per
994 3505 1136 3560 manus
1164 3473 1389 3560 [ademarii
1416 3475 1898 3594 Subdiacont,nosuiqoe
1932 3484 2199 3599 Arcltiepisco

531 3635 648 3730 patus
676 3613 901 3720 scriniarii,
930 3647 1055 3732 quam
1080 3637 1120 3700 et
1149 3627 1344 3702 manuum
1372 3637 1596 3702 nostrarum
1630 3624 1925 3732 conscriptione,
1949 3643 1989 3706 et
2018 3623 2200 3738 plumbei

532 3760 656 3840 nostri
685 3756 802 3871 sigilli
832 3759 1044 3843 vallatione
1073 3759 1347 3844 roboravimus
1358 3799 1371 3862 ,·
1401 3765 1509 3844 iuxta
1538 3758 1649 3875 quod
1678 3781 1716 3844 et
1736 3761 1852 3848 nobis
1879 3763 2077 3852 Dominus
2096 3767 2202 3882 Papa

533 3895 643 4004 iecit,
673 3895 861 3984 videlicet
889 3899 1080 4016 plumbea
1109 3900 1317 3986 vallatione
1347 3923 1528 3988 nostrum
1557 3904 1816 4020 privilegium
1845 3937 1939 3990 curn
1968 3931 2006 3992 et
2035 3912 2203 3998 subscri·

529 4039 662 4170 ptione
692 4069 888 4124 manuum
918 4069 1080 4124 suarum
1111 4041 1321 4128 roboravit.
1351 4044 1555 4158 Scriptum
1582 4075 1702 4132 mens.
1734 4049 1835 4165 Aug,
1863 4053 2004 4164 quinta
2025 4050 2205 4138 indictio

535 4203 584 4258 ne
613 4179 788 4266 secundo
817 4211 919 4265 anno
948 4179 1204 4266 Pontificatus
1232 4187 1304 4266 sui.
2113 4251 2116 4258 .

534 4373 540 4442 Ξ
620 4337 683 4423 ,Δρ
702 4321 900 4407 Nicolaus
918 4326 992 4440 qui
1017 4351 1136 4438 supra
1158 4328 1290 4442 ¹qratia
1325 4323 1488 4410 Domini
1519 4317 1844 4443 Archiepisoopus
1874 4323 1911 4408 S.
1940 4321 2051 4410 Sedis
2079 4323 2218 4408 Canti—

535 4457 644 4550 ainae
675 4457 885 4546 Ecclesiae·
1164 4469 1167 4482 '
