4884 6692
318 796 658 915 Integrum
632 825 727 882 rme
754 789 903 880 damus
931 787 1159 888 indiculum
1184 800 1369 887 uelorum
1397 831 1598 894 sacrarum
1634 813 1808 898 restium
1838 821 1962 904 uariis

278 939 326 1024 in
355 938 470 1025 lectis
493 961 538 1024 et
568 937 858 1054 tenporibus
841 968 888 1024 ιιι
918 935 1278 1055 Hierosolymitana
1307 943 1494 1034 Ecclesia
1604 953 1637 1008 ’-

400 1115 420 1158 ιι
452 1079 562 1166 Haec
578 1105 672 1168 sunt
685 1086 922 1171 vestimenta
938 1083 1088 1198 quibus
1102 1087 1233 1173 solent
1258 1085 1373 1172 indui
1395 1089 1637 1210 Canonici(r
1643 1091 1662 1212 )
1681 1096 1882 1184 Dominici
1900 1101 1967 1188 Se-

289 1257 310 1306 ι
342 1223 511 1337 pulcri
499 1257 542 1312 ιιι
566 1228 719 1316 festivis
745 1229 899 1316 dielnrs
929 1228 1008 1313 ln
1005 1229 1148 1344 primis
1174 1225 1378 1314 dontinica
1404 1229 1473 1315 die
1491 1231 1701 1318 Adventus
1718 1235 1966 1346 Domini,et

290 1399 310 1442 υ
342 1395 413 1478 pec
438 1373 573 1458 tutum
602 1368 847 1475 Adventum,
865 1371 939 1456 nisi
968 1372 1157 1456 &civitas
1184 1377 1409 1478 occurrerit,
1424 1373 1577 1462 casulas
1611 1373 1655 1462 'ot
1693 1405 1839 1493 cappas
1867 1377 1963 1468 ceri·

291 1541 310 1595 a
339 1543 404 1599 eas
433 1513 497 1632 (ιι)
522 1517 663 1630 nigras.
692 1512 863 1597 Sabbato
892 1508 1055 1628 quando
1082 1517 1365 1626 pronunciatur
1389 1523 1540 1604 ιιιιίιιιι
1565 1539 1625 1606 eat
1644 1509 1813 1611 Gabriel
1833 1529 1965 1644 Auge·

292 1691 311 1734 ιι
344 1654 409 1740 tus
438 1654 501 1770 (3)
528 1653 581 1742 de
607 1655 843 1740 melioribus
873 1658 1116 1741 vestimentis
1143 1655 1316 1740 casulam
1345 1679 1386 1740 et
1413 1653 1609 1770 tunicam.
1627 1663 1677 1748 ln
1704 1667 1838 1782 vigilia
1857 1690 1963 1754 nata-

293 1829 312 1872 »
345 1794 394 1878 lis
422 1797 589 1882 Domini
617 1791 781 1911 quando
810 1797 1056 1906 incipiuntur
1084 1793 1220 1886 leudes
1235 1793 1381 1882 debent
1399 1799 1542 1888 habere
1561 1805 1776 1890 archichori
1794 1806 1857 1924 (4)
1870 1837 1964 1924 cap·

293 1977 313 2020 ιι
346 1975 415 2059 pas
444 1947 583 2028 cericas
612 1943 749 2054 nigras
774 1933 1189 2043 castanentum,
1215 1961 1257 2022 et
1281 1939 1536 2026 dalmaticam
1566 1947 1720 2060 nigram
1749 1977 1842 2032 eum
1866 1950 1965 2033 albis

298 2121 315 2170 ιι
347 2089 491 2202 paratis
519 2081 570 2168 a'd
598 2084 767 2165 nrissam.
796 2073 862 2158 dd
892 2105 1069 2190 vesperas
1103 2107 1258 2192 pannus
1301 2083 1412 2194 niger
1442 2079 1503 2196 (5)
1532 2105 1622 2167 ante
1659 2085 1805 2172 altere:
1844 2089 1959 2174 Prior

297 2247 386 2312 ret
414 2225 626 2310 ambiebo'ri
655 2245 798 2330 cappae
825 2218 955 2333 nigras
982 2217 1034 2304 ad
1062 2221 1305 2328 matutinum
1343 2219 1532 2306 similiter.
1572 2222 1654 2307 Sed
1698 2226 1966 2342 Evangelium

296 2400 314 2444 ιι
346 2367 470 2451 Liber
492 2365 763 2480 generaubnis
790 2359 853 2476 (6)
878 2381 1059 2446 cantatur
1087 2391 1181 2447 oum
1209 2359 1444 2448 melioribus
1474 2365 1717 2450 vestimentis
1755 2363 1962 2452 deauratis.

292 2541 310 2586 ιι
343 2507 462 2592 Missa
491 2505 544 2590 de
572 2526 689 2599 nocte¹
716 2535 835 2591 cum.
855 2565 894 2586 ..
922 2501 1065 2588 Casula
1092 2534 1194 2621 quae
1220 2523 1385 2589 vocatur
1413 2495 1563 2590 dracho
1588 2497 1633 2587 et
1660 2505 1745 2588 aliis
1763 2503 1884 2619 nigris
1895 2535 1962 2592 ve-

291 2686 310 2730 ιι
344 2651 534 2734 stimentis
564 2670 696 2732 tanuen
723 2638 974 2730 melioribus
984 2645 1256 2764 omnibusque
1281 2670 1372 2734 sunt
1399 2629 1506 2734 illius
1540 2649 1690 2734 eoloris.
1720 2649 1787 2738 Ad
1801 2638 1963 2735 missam

292 2827 310 2870 ιι
344 2795 385 2875 in
415 2820 532 2875 mane
568 2793 818 2904 cooperiatur
852 2788 973 2874 altare
1010 2815 1140 2905 panno
1176 2791 1304 2875 rubeo
1350 2818 1469 2926 super
1495 2791 1592 2875 alios
1631 2787 1737 2874 duos
1764 2811 1805 2876 et
1831 2791 1962 2878 Sacer·

294 2969 312 3016 ιι
344 2929 419 3017 dos
448 2929 704 3015 diaconuset
732 2925 1015 3036 subdiaconus,
1023 2952 1064 3016 et
1082 2933 1299 3021 ardrichori
1326 2936 1569 3017 vestimentis
1606 2931 1738 3016 urbeis
1767 2933 1958 3019 omnibus

297 3111 315 3155 ιι
346 3077 545 3161 deauratis
581 3075 647 3160 tel
684 3073 927 3190 fulgentibus
964 3105 1070 3158 auro.
1099 3072 1165 3159 Ad
1193 3105 1378 3192 magnam
1408 3077 1568 3160 missam
1596 3095 1686 3160 ante
1712 3071 1832 3156 altare
1861 3083 1962 3184 opti

291 3253 310 3297 ιι
341 3245 433 3302 mus
461 3245 614 3328 pannus
643 3245 761 3326 super
789 3213 886 3298 alios
900 3233 993 3299 'tres
1021 3239 1059 3301 et
1086 3247 1223 3302 omnes
1250 3217 1419 3303 babeant
1448 3218 1536 3305 alba
1574 3224 1806 3304 vestimenta
1832 3241 1875 3305 et
1905 3220 1956 3305 ad

175 1081 185 1126 ,l

384 3619 440 3718 (ι)
466 3614 640 3716 Regulum
664 3609 793 3686 scilicet
817 3608 883 3684 sub
908 3607 1021 3709 regida
1044 3609 1083 3686 S.
1112 3611 1298 3710 Augustini.

386 3747 442 3846 (ι)
473 3743 624 3814 Cer-icas
648 3738 684 3812 id
708 3750 758 3812 est
781 3737 957 3831 Sericas,
985 3738 1105 3816 scilicet
1128 3769 1148 3818 e
1172 3743 1314 3820 Serico.
1342 3743 1383 3816 In
1399 3742 1464 3818 boc
1488 3746 1604 3821 codice
1636 3761 1669 3822 et
1693 3747 1846 3824 Sericas
1870 3747 1951 3822 dici·

287 3892 368 3967 tur,
397 3883 428 3944 et
453 3869 531 3942 alias
555 3870 658 3944 etiam
687 3860 846 3934 Citleus·

387 3997 445 4100 (3)
470 3998 611 4074 Scilicet>
625 3999 705 4075 Fer.
742 4003 815 4074 1111
840 4017 914 4100 post
938 4004 1156 4112 Douriniceut
1178 3998 1254 4072 -1111
1280 3999 1463 4078 Adventus.
1493 4001 1581 4076 Vide
1605 4003 1705 4078 infra.
1747 4049 1751 4058 ·

383 4127 443 4238 (4)
483 4126 572 4202 Vide
605 4142 719 4210 notam
744 4132 894 4206 inferius.
971 4101 977 4118 ι
1887 4225 1891 4234 ι

385 4254 444 4355 (5)
470 4255 656 4332 Faunus:
691 4257 801 4358 plures
826 4259 924 4334 babet
947 4234 1220 4360 significationes,
1251 4281 1337 4356 quae
1366 4253 1471 4328 videri
1499 4269 1633 4352 ponunt
1648 4253 1735 4356 apud
1766 4257 1957 4362 Gergium,

284 4385 341 4456 bic
371 4399 584 4459 tamencum
610 4411 757 4485 expresse
782 4387 908 4482 dicetur
937 4403 1025 4463 arete
1062 4383 1164 4461 altare
1189 4388 1252 4462 erit
1289 4384 1378 4458 idem
1403 4411 1446 4457 ac
1466 4411 1568 4482 quern
1603 4411 1689 4458 nune
1716 4386 1856 4462 dicimus
1891 4391 1956 4462 ita-

280 4515 343 4589 lice
372 4511 549 4588 Paeneo.
584 4514 679 4588 Cum
704 4541 785 4594 vero
814 4517 947 4590 interius
981 4517 1109 4590 dicetur
1135 4538 1176 4589 eo
1205 4539 1315 4612 panno
1339 4517 1519 4612 cooperiri
1545 4507 1643 4586 altare
1676 4527 1708 4586 et
1741 4517 1840 4590 etiam
1856 4541 1956 4616 super

284 4645 414 4717 duobus
439 4643 538 4738 aliis,
571 4643 624 4718 vel
658 4643 762 4718 tribus
787 4647 863 4745 poni
885 4703 895 4740 ,
921 4644 1015 4719 facile
1040 4647 1104 4720 erit
1128 4647 1290 4720 coniicere
1315 4641 1490 4716 Ραιιιιιιιιι
1515 4641 1608 4716 illurn
1633 4669 1698 4716 uon
1725 4658 1762 4718 ut
1779 4669 1867 4719 nunc
1883 4657 1957 4718 ante

283 4795 431 4844 mensam
454 4761 562 4846 altaris
585 4772 814 4872 pendentem,
842 4774 900 4848 sed
925 4785 959 4847 et
983 4775 1148 4874 integrum
1179 4769 1279 4844 altare
1308 4770 1418 4868 ipsunt
1448 4772 1663 4869 cooperuisse.

380 4897 444 4998 (6).
473 4897 603 4974 Scilicet
628 4914 703 4998 post
739 4899 890 4978 ultimam
921 4913 1162 4974 nortmannus
1202 4899 1377 4972 lectionem
1409 4896 1600 4974 solenrniter
1635 4897 1860 4998 Evangelium
1894 4893 1958 4972 hoe

279 5025 460 5130 canebatur
484 5055 503 5100 a
528 5027 694 5104 Diacono.
