4914 6610
1293 427 1318 488 .

947 532 1179 662 (205)

254 710 381 798 simus
414 671 579 795 Alexius
609 695 799 790 Aurelius
815 692 1002 794 Pelliccia
1019 704 1037 823 (
1054 707 1250 797 Cronicbe
1266 708 1334 799 del
1349 707 1600 829 RegnodiN
1599 713 1705 827 apoli
1721 713 1836 802 Tom.
1847 715 1939 837 IV.)

366 845 444 937 His
473 845 527 934 de
554 843 704 963 quibus
731 845 918 932 hactenus
946 847 1152 938 clarissimi
1180 855 1352 936 nominis
1384 851 1595 965 Episcopis
1633 861 1807 968 proximi
1851 885 1937 946 suc·

258 1021 427 1082 cessores
455 989 567 1076 fuere
594 985 774 1074 doctrina
802 993 922 1076 etiam
949 995 1142 1112 insignes,
1181 993 1382 1081 M'cobuts
1409 996 1556 1080 scilicet
1597 981 1871 1103 Μαίοιιιιιιιι,
1898 1022 1939 1085 et
2025 1000 2033 1015 ’

254 1137 341 1228 eius
379 1172 429 1227 ex
463 1132 584 1220 fratre
612 1127 748 1245 Nepos
795 1133 1042 1221 Maioranus
1081 1135 1335 1223 Macerones.
1364 1134 1500 1222 Ambo
1540 1131 1796 1252 Μιὶρίιιίαηί
1826 1140 1936 1250 nati,

207 1259 211 1268 ¹
257 1282 371 1402 quod
399 1284 442 1364 in
470 1270 687 1363 Salaminis
715 1290 775 1356 est
802 1291 843 1357 et
870 1303 1001 1359 unum
1028 1305 1077 1359 ex
1105 1273 1266 1390 oppidis
1299 1275 1582 1388 Hydruntinae
1611 1275 1799 1363 dioecesis
1817 1277 1940 1366 Grae

263 1454 331 1510 cae
358 1417 541 1536 arigitis,
568 1403 623 1498 et'
638 1413 739 1500 olim
766 1416 890 1498 etiam
916 1417 1048 1524 ritus,
1076 1437 1116 1502 et
1144 1422 1257 1503 cuius
1284 1418 1467 1505 homines
1496 1422 1616 1504 etiam
1653 1414 1778 1502 hodie
1819 1415 1942 1502 Grae·

153 1591 160 1604 ¹
262 1593 308 1650 ce
336 1563 569 1676 loquuntur.
617 1554 775 1658 Ambo,
802 1573 842 1638 et
869 1585 992 1670 quam
1020 1563 1193 1646 maxime
1221 1558 1441 1665 Jtttotaus,
1469 1563 1571 1646 inter
1607 1556 1775 1665 doctos,
1804 1557 1937 1645 erudi-
2012 1611 2020 1623 ·

266 1724 408 1818 tuoque
436 1703 521 1784 eius
548 1697 681 1782 aetatis
710 1691 1068 1784 adnumeratitsed
1095 1697 1147 1784 de
1156 1698 1322 1785 Nicolao
1340 1703 1529 1814 primum
1553 1699 1637 1785 Hic
1662 1698 1836 1804 Graecis,
1863 1697 1941 1788 La·

267 1845 442 1957 tinisque
468 1837 636 1950 litteris,
664 1855 755 1918 tum
782 1851 824 1919 et
850 1837 963 1918 omni
991 1834 1223 1926 eruditionis
1241 1871 1381 1957 genere
1399 1841 1579 1927 excultus
1607 1837 1843 1925 doctissimis
1852 1870 1942 1955 qm

268 1986 425 2099 busque
451 1982 606 2066 Romae
631 1975 867 2094 degentibus
896 1983 1078 2092 apprime
1106 2011 1218 2071 carus
1246 2013 1306 2068 au
1342 1981 1556 2073 MDLIII
1574 1986 1824 2068 renuntiatus
1845 1983 1943 2094 Epi·

269 2155 412 2240 soopus
438 2129 573 2218 statim
617 2101 902 2239 Melplaictum
913 2127 1030 2208 venit
1063 2122 1125 2205 Ea
1153 2118 1206 2204 de
1241 2153 1285 2206 re
1319 2118 1438 2209 clari
1452 2126 1623 2246 nominis
1664 2121 1738 2208 V‘ir
1774 2123 1946 2206 Latinus

270 2270 457 2364 lationis
487 2265 702 2382 quadam
691 2297 736 2351 m
762 2263 942 2379 Epistola
972 2267 1112 2352 Masso
1140 2259 1232 2346 data
1260 2265 1357 2348 haec
1383 2267 1598 2376 scripsit
1557 2295 1599 2327 ·-·
1639 2263 1865 2350 Maioranus
1882 2291 1951 2346 no-

278 2441 298 2484 »
329 2432 408 2494 ster
422 2407 562 2496 ‘Urbis
589 2405 741 2492 deliciis
770 2403 970 2490 Ecclesiae
997 2401 1217 2490 commoda·
1238 2405 1438 2518 praetulit,
1456 2415 1581 2519 aeque
1600 2407 1644 2490 in
1668 2403 1813 2491 tuenda
1829 2425 1870 2490 et
1886 2434 1951 2490 or-

134 2577 136 2580 ·
278 2588 298 2632 ι
330 2548 481 2655 nanda,
509 2571 559 2633 ut
584 2552 869 2660 opinor,totus
897 2567 965 2632 est.
994 2545 1102 2636 Nam
1130 2576 1179 2631 ex
1207 2575 1293 2661 quo
1317 2545 1446 2632 Roma
1475 2545 1678 2660 profectus
1709 2569 1779 2652 est,
1808 2577 1858 2632 ne
1886 2546 1950 2634 lit-

280 2725 299 2768 ι
332 2712 453 2774 teram
481 2687 651 2804 quidem
679 2716 811 2772 unam
831 2683 885 2772 ad
913 2715 1014 2793 nos,
1041 2717 1114 2773 nee
1141 2676 1193 2772 ad
1238 2716 1516 2802 quemquam,
1545 2683 1660 2800 quod
1696 2691 1848 2786 sciam,
1877 2692 1952 2774 mi·

278 2873 297 2916 »
324 2844 379 2922 sit
409 2865 454 2926 ,τι
495 2829 600 2914 Cum
620 2855 716 2910 vero
746 2825 943 2912 litterariis
971 2825 1113 2912 studiis
1131 2824 1316 2930 inhiaret,
1335 2853 1509 2938 cumque
1536 2827 1765 2937 praesertim
1784 2856 1952 2914 manum

275 2975 515 3061 admovisset
542 2972 781 3059 variantium
821 2969 1059 3052 Lectionum
1093 2961 1305 3050 Sacrorum
1331 2964 1549 3050 Librorum
1577 2995 1626 3052 ιι
1654 2963 1845 3058 Vaticano
1873 2965 1954 3056 Co·

278 3114 366 3200 dice
394 3113 647 3216 collectioni,
675 3109 850 3194 Romam
875 3109 1001 3220 petiit,
1020 3109 1178 3228 ibique,
1202 3137 1258 3194 ne
1276 3137 1349 3193 sua·
1385 3107 1557 3194 absentia
1572 3109 1866 3225 Melphictensis
1881 3108 1959 3198 Eo·

261 3252 389 3340 'clesia
418 3249 702 3338 detrimentum
732 3268 958 3361 pateretur,
986 3246 1031 3332 id
1069 3252 1274 3354 obtinuit,
1310 3270 1359 3336 ut
1396 3280 1593 3338 successor
1621 3258 1658 3339 ei
1687 3253 1847 3341 daretur
1875 3249 1957 3344 iam

274 3394 404 3482 dictus
431 3425 480 3479 ex
508 3390 628 3476 fratre
653 3389 790 3504 Nepos
819 3377 1065 3479 Mm'orunus
1084 3387 1502 3497 Mesammones
1530 3419 1762 3512 quoquest
1788 3400 1853 3485 hic
1880 3429 1957 3487 ser·

275 3563 415 3623 mones
455 3537 671 3647 utriusque
705 3529 874 3645 linguae.
917 3530 957 3614 E
986 3529 1144 3617 Gracco
1175 3537 1265 3649 ipse·
1287 3535 1447 3619 Latinos
1474 3534 1567 3623 fecit
1602 3539 1809 3626 Sermones
1839 3543 1875 3627 S
1906 3545 1958 3628 Ε

268 3674 432 3790 pristini
459 3673 587 3787 Syri,
616 3699 718 3787 quos
747 3669 841 3754 Mss.
869 3669 1086 3757 sevidisse
1114 3695 1277 3760 testatur
1307 3676 1479 3762 Ioannes
1509 3677 1959 3792 BemarcltnusTafu·

37 3827 58 3918 ι’
112 3896 134 3920 Α,
257 3819 391 3920 reiis,
418 3819 492 3930 qui
519 3810 715 3930 legendus
738 3815 932 3919 omnino,
959 3815 993 3896 si
1021 3818 1156 3927 quis,
1168 3844 1272 3932 quae
1299 3814 1415 3928 plura
1453 3813 1506 3902 de
1534 3821 1632 3904 tanti
1659 3825 1831 3908 nominis
1859 3823 1958 3996 Epi

119 3969 183 4014 ἣ
279 3957 407 4069 scopis
434 3952 603 4042 dicenda
630 3972 776 4059 essent,
802 3957 905 4040 scire
929 3959 1062 4071 mpiat
1089 3952 1166 4071 (ι)

391 4098 593 4207 Quoniam
622 4125 720 4184 uero
748 4093 802 4180 de
826 4097 1043 4186 Maioranis
1069 4101 1211 4184 nostris
1239 4127 1369 4183 sermo
1388 4119 1467 4206 est,
1495 4130 1576 4189 non
1604 4105 1679 4186 erit
1705 4103 1870 4190 fortasse
1895 4131 1962 4190 su·

280 4267 599 4356 pervacaneum,
643 4236 777 4352 aliqua
806 4237 870 4322 bic
898 4236 1088 4340 adnotare
1120 4237 1173 4324 ad
1201 4241 1426 4352 Epistulam
1464 4274 1486 4326 a
1518 4243 1729 4328 Soletunae
1758 4243 1964 4330 Ecclesiae

229 4471 233 4478 x
280 4378 570 4468 archidiacono
599 4377 649 4462 de
678 4379 819 4464 ritibus
850 4377 1112 4482 Socer-dotum
1150 4378 1397 4470 Graecorum
1425 4382 1690 4470 Orientalium
1718 4385 1770 4471 ad
1798 4387 1964 4476 Maiora.

285 4555 389 4608 uum
414 4523 611 4637 scriptam.
641 4515 795 4604 laudat
824 4518 924 4606 hanc
953 4520 1180 4634 Epistulam
1206 4522 1375 4610 Doctiss.
1404 4513 1620 4614 Fabricius
1648 4525 1784 4646 (Bibl.
1814 4511 1986 4624 Graeca.

37 4065 84 4136 *t

1721 4761 1931 4784 ——u-u-

390 4885 448 4987 (t)
473 4887 515 4962 ln
540 4889 785 4966 Additamentis
810 4887 853 4964 ad
878 4887 1049 4995 Toppium
1076 4901 1149 4965 etc.
