4870 6630
1221 550 1403 668 (¹¹0)
1502 657 1509 672 .

585 727 829 844 Capitulum„
859 724 950 844 Ego
987 743 1113 814 meter
1151 719 1291 840 pulcre
1326 721 1547 808 dilectionis
1586 723 1738 834 timetis
1776 717 2059 838 magnitudinis
2107 745 2146 812 et

463 893 595 958 sancte
624 874 717 982 spei.
1296 951 1303 966 ,

638 1017 640 1024 ,
1271 995 1278 1028 Ι

581 1055 749 1140 Ymnns.
778 1051 827 1138 In
855 1047 1024 1132 Mariam
1053 1049 1136 1130 vite
1154 977 1266 1138 viani<
1282 979 1321 1131 .).
1362 1107 1373 1127 .
1402 1109 1411 1134 ,
1439 1107 1449 1129 .
1583 1049 1808 1132 viventium
1837 1049 1905 1160 pie
1935 1052 2044 1133 venit
2074 1051 2142 1160 qui

461 1190 632 1280 redemit
666 1211 820 1304 peccata
850 1185 1180 1301 delinquentium.

571 1308 741 1456 Gidsus
772 1374 875 1482 cepit
905 1399 998 1451 cum
1027 1368 1208 1482 concepit
1236 1370 1359 1458 maria
1389 1367 1567 1456 multum
1597 1399 1831 1481 properans:
1852 1374 2024 1457 visitavit
2042 1401 2130 1456 con·

461 1519 620 1602 sortavit
649 1513 837 1604 helisabet
865 1516 1121 1691 compacigpp.

571 1697 770 1786 Salutatus
798 1671 1069 1783 inflam'matus
1098 1691 1289 1784 helisabet
1316 1709 1356 1778 et
1384 1687 1515 1782 filius:
1546 1622 1729 1782 exdlldita
1759 1690 1836 1778 fuit
1863 1695 1918 1779 ita
1946 1691 1998 1782 de
2025 1693 2132 1778 dono

462 1844 582 1927 sancti
612 1841 773 1950 spiritus
1047 1948 1090 2018 (ὅ)

582 2020 833 2135 Impregnata
863 2013 1067 2178 gravidgta
1096 2038 1223 2106 mater
1251 2015 1351 2110 olim
1381 2014 1550 2100 sterilis:
1582 2019 1621 2100 ln
1651 2014 1734 2104 fans
1762 2013 1879 2104 datus
1897 2048 1997 2139 non
2036 2013 2136 2106 dum

459 2223 572 2286 natus
602 2199 751 2282 exultat
780 2197 938 2284 Christo
968 2131 1152 2280 iddilans.

568 2380 698 2462 Servit
727 2381 853 2467 maior
882 2375 1032 2492 gaudet
1061 2380 1193 2466 minor
1208 2311 1264 2462 (ld
1293 2380 1418 2470 matia
1442 2309 1523 2459 <fidet
1550 2374 1735 2470 solatium
1764 2382 1954 2474 visitantis
1993 2407 2129 2494 prepaa

354 2505 355 2510 Ἰ
456 2525 576 2610 rantis
606 2517 657 2602 ad
686 2523 872 2630 spiritum
900 2520 1188 2636 propheticum.

567 2663 875 2765 Precursorem‚
904 2683 944 2744 et
972 2658 1177 2754 doctorem
1206 2658 1330 2745 Maria
1359 2657 1467 2772 plebi
1496 2656 1669 2748 indicat:
1709 2665 1781 2784 qui
1819 2684 2013 2750 rectorem
2060 2687 2133 2775 pu-

458 2777 663 2961 gdlltorem
692 2840 820 2955 digito
847 2837 1004 2928 mundo
1033 2845 1198 2924 nuntiat.

572 2983 681 3065 Leva
712 3013 905 3104 gregem,
935 2980 1016 3066 duc
1043 2979 1094 3063 ad
1123 3011 1257 3098 regem
1285 2985 1408 3073 maria
1437 3001 1597 3078 cunctos
1626 2984 1809 3074 visitans:
1840 3004 1886 3070 ut
1923 2982 2129 3088 salvetur,

454 3187 493 3252 et
521 3165 665 3250 letetur
694 3193 788 3247 cum
817 3167 867 3246 sit
895 3127 1022 3246 mater
1050 3093 1252 3254 mdditans.

569 3315 604 3387 t.
631 3304 768 3424 Specie
799 3323 866 3398 tua
894 3325 964 3390 etc
993 3333 1028 3389 tt.
1056 3301 1233 3392 Intende..

1060 3584 1132 3683 Ad
1161 3585 1341 3704 Magoff.
1369 3593 1530 3708 Anttplt.

568 3865 817 3960 Acceleratur
846 3873 944 3953 ratio
972 3872 1015 3960 in
1043 3901 1168 3983 puero
1197 3885 1277 3958 non
1315 3829 1418 3964 ddid
1446 3875 1545 3966 ¹nato
1582 3885 1767 3968 instinctu
1795 3891 1892 3973 sacri
1920 3891 2125 3972 neumatis
