4870 6630
1256 597 1274 712 (
1302 588 1405 710 ⁶⁸)

484 773 618 860 minus
647 769 855 854 vobiscum
886 768 904 884 (
932 785 1156 882 sequuntur
1184 765 1320 880 plures
1348 765 1568 870 orationes,
1598 793 1696 881 quas
1734 765 1935 860 brevitatis
1964 801 2097 863 caussa
2124 810 2167 865 o

483 907 722 1026 mittimus).
753 907 915 996 Deinde
943 940 1037 991 cnm
1065 905 1221 992 silentio
1250 905 1527 994 dorntitorium
1540 915 1744 1022 petant'et
1758 917 1942 1027 pensem.
1963 923 2073 1006 nme
2093 957 2167 1014 ve.

483 1085 528 1136 ro
557 1069 600 1134 ut
629 1055 790 1165 signnm
803 1067 962 1132 'sonare
1010 1055 1113 1163 cepit
1160 1065 1367 1164 surgentes
1378 1044 1546 1162 fratres
1573 1046 1633 1132 ad
1674 1051 1902 1137 Ecclesiam
1939 1058 2161 1171 profit-ent.

483 1197 701 1310 Postquam
731 1191 865 1278 ardent
889 1195 1155 1306 pervenerint
1176 1189 1331 1304 prelato
1360 1186 1482 1276 dane
1500 1196 1664 1307 st'grmm
1681 1198 1836 1279 trinam
1852 1201 2073 1286 orationem
2084 1204 2165 1317 sa·

482 1341 600 1420 ciant.
632 1335 776 1418 Postea
804 1329 988 1416 sedentes
1016 1347 1201 1414 cantetur
1226 1334 1431 1416 canticum
1455 1329 1672 1446 graduum,
1700 1332 1774 1418 lzoc
1792 1335 1910 1422 modo
1939 1347 2100 1456 primos
2122 1349 2175 1436 V

479 1475 659 1592 psalnws
683 1504 760 1588 pro
800 1473 1114 1585 Congregatt'one
1143 1497 1236 1556 cum
1260 1468 1391 1584 gloria
1413 1479 1528 1586 patri
1553 1491 1592 1556 et
1618 1480 1797 1562 oratione
1816 1478 2022 1568 dontinica
2042 1501 2079 1570 ct
2098 1487 2163 1573 Itis

486 1617 697 1731 Capitulis·
730 1615 786 1698 Et
815 1645 864 1700 ne
892 1642 974 1698 nos:
1023 1609 1229 1696 Memento
1257 1617 1381 1698 nostri
1418 1615 1592 1701 domine:
1622 1617 1781 1702 Memor
1809 1641 1902 1705 esto.
1939 1627 2024 1712 Or.⁰
2054 1629 2164 1718 Dens

484 1761 549 1842 cui
578 1759 789 1871 proprium
819 1777 878 1836 cst
907 1756 1081 1838 misereri
1097 1755 1099 1760 ’
1114 1772 1184 1836 etc
1214 1753 1432 1869 Sequentes
1474 1762 1647 1876 quinque
1669 1790 1748 1873 pro
1757 1758 2047 1871 sanu'lt‘aribut
2073 1800 2165 1856 cnm

480 1901 614 2015 glorie
643 1895 748 1986 leirie
777 1916 815 1980 et
835 1897 899 1984 Itis
923 1893 1194 2012 CapitulisEt
1212 1925 1263 1979 ne
1290 1885 1373 1981 nos:
1394 1897 1569 1984 Domino
1587 1900 1747 1986 salvum
1772 1901 1833 1988 iac
1860 1935 2004 2023 regem:
2024 1911 2161 2002 Salvos

481 2040 543 2125 sac
571 2071 703 2127 servos
735 2063 823 2124 tuos
853 2060 892 2122 et
920 2037 1078 2122 ancillas
1112 2058 1209 2120 tuas
1239 2032 1430 2124 dominus
1459 2041 1678 2127 vobiscum:
1698 2043 1895 2132 Pretende
1911 2048 2075 2138 domine
2093 2078 2165 2142 etc.

489 2177 637 2272 Ultimi
668 2184 720 2273 V
732 2212 809 2299 pro
839 2178 1039 2294 defunctis
1052 2177 1247 2294 fidelibtn
1275 2182 1362 2263 sine
1387 2176 1516 2293 gloria
1532 2197 1571 2264 et
1585 2177 1698 2264 dir-ie.
1714 2182 1770 2268 Et
1798 2215 1847 2271 ne
1875 2217 1954 2273 nos.
1984 2191 2158 2304 Aporta

277 2375 312 2396 ·-
387 2418 409 2440 ,-
481 2321 606 2410 inserit
638 2323 814 2408 Domine
843 2320 985 2404 exaudi
1002 2347 1044 2414 :1
1070 2318 1258 2406 dominus
1279 2321 1498 2406 vobiscum:
1527 2321 1703 2408 Absolve
1729 2322 1893 2412 domine
1920 2335 2077 2419 animas
2107 2335 2162 2452 (*)

594 2461 650 2552 Et
679 2461 803 2566 haec,
833 2491 934 2576 quae
963 2493 1011 2546 ex
1040 2462 1229 2578 liturgico
1260 2457 1410 2546 Codice
1447 2463 1717 2548 Paniarchahs
1749 2461 1950 2554 ‘Ecclesiae
1977 2471 2159 2560 Hieroso·

485 2603 700 2721 lymitanne
729 2609 1006 2717 excerpsimus,
1035 2605 1241 2691 sufficiant.
1271 2600 1393 2687 Haud
1422 2624 1554 2688 tamen
1583 2636 1606 2688 a
1633 2605 1747 2690 nobis
1775 2609 1869 2720 ipsis
1888 2610 2066 2697 obtinere
2094 2643 2163 2726 po

487 2745 647 2832 ruimus·
671 2749 771 2860 quin
799 2746 864 2832 hic
902 2745 1026 2832 veluti
1060 2747 1257 2834 coronidis
1291 2744 1381 2829 loco
1410 2744 1478 2829 illa
1520 2744 1715 2832 addamus
1749 2753 1921 2863 quaein
1956 2749 2165 2838 Itinerario

489 2875 857 2995 Hierosolymitano
890 2890 1124 2976 clarissimus
1152 2911 1192 2974 et
1220 2888 1470 2976 doctissimus
1498 2891 1560 2972 vir
1590 2886 1911 2976 Castel-brnndus
1929 2897 2094 3006 scripsit,
2121 2915 2161 2980 et
2281 2895 2291 2914 ‘

489 3067 591 3151 quae
620 3064 777 3123 summa
810 3065 904 3122 cnm
933 3038 1055 3120 animi
1086 3038 1208 3122 nostri
1235 3037 1501 3118 commotione
1535 3029 1717 3147 legimus.
1745 3031 1968 3122 Narratur
1987 3036 2162 3130 celebris,

481 3207 577 3263 cum
612 3197 786 3270 sanctam
813 3175 1028 3264 Civitatem
1057 3175 1288 3294 reliquisset,
1313 3179 1356 3258 in
1385 3172 1488 3258 valle
1515 3172 1743 3258 Terebinthi
1766 3181 1992 3282 constitisse,
2009 3202 2060 3264 ¹et
2095 3213 2152 3268 re·

482 3343 547 3406 tro
583 3325 745 3408 vertisse
785 3303 948 3426 oculos,
985 3341 1191 3434 tamquam
1219 3336 1352 3404 sancto
1379 3313 1438 3398 illi
1472 3312 1561 3398 loco
1593 3313 1788 3402 ultimum
1821 3311 2026 3404 dicturum
2055 3321 2151 3406 vale.

480 3461 596 3552 Tum
612 3463 709 3548 haec
735 3463 869 3568 addit,
885 3494 987 3578 quae
1015 3439 1173 3548 Gallico
1202 3459 1392 3546 idiomate
1406 3457 1471 3560 ita,
1485 3475 1532 3538 ut
1549 3457 1692 3566 scripta
1710 3476 1814 3560 sunt,
1829 3457 2089 3544 exscribimus
2100 3477 2145 3538 :a

482 3602 563 3692 J’ai
591 3600 796 3718 distinque
824 3587 896 3716 par
924 3603 1058 3692 dessus
1084 3602 1139 3686 les
1163 3633 1275 3687 murs
1302 3599 1339 3684 le
1365 3593 1486 3684 ddine
1510 3593 1562 3683 de
1595 3595 1619 3680 l’
1634 3593 1770 3712 Eglise
1816 3593 1875 3682 du
1911 3597 2171 3716 SaintSepul·

485 3772 562 3826 cre.
596 3739 634 3824 ll
661 3772 712 3827 ne
741 3770 823 3824 sera
862 3741 956 3852 plus
992 3741 1102 3834 salue'
1136 3772 1207 3853 par
1236 3741 1274 3826 le
1307 3738 1480 3854 peierin,
1525 3735 1653 3840 carii
1692 3735 1729 3818 n’
1747 3741 1868 3828 existe
1901 3736 2029 3853 -plus,
2058 3767 2099 3830 et
2125 3745 2164 3830 le

481 3876 690 3965 Tombeau
718 3882 771 3968 de
811 3881 926 3968 Jesus
965 3881 1098 3967 Christ
1117 3905 1175 3968 est
1197 3887 1437 3970 maiutenant
1455 3881 1599 3994 exposci
1626 3909 1704 3966 aux
1724 3881 1872 3994 injurus
1895 3880 1948 3968 de
1962 3883 2062 3970 l'air.
2081 3888 2164 3974 Au·

488 4020 623 4106 trefois
659 4023 695 4112 la
715 4023 991 4118 Chretiennete'
1008 4031 1155 4111 entiere
1188 4029 1306 4110 seroit
1325 4053 1518 4112 accontus
1533 4051 1636 4140 pour
1669 4053 1826 4140 reparer
1842 4024 1880 4110 le
1898 4053 2002 4112 sacre
2019 4059 2158 4114 monu-

479 4185 612 4254 ment:
638 4132 896 4280 Aujourdhui
933 4197 1125 4281 personne
1144 4166 1218 4276 n'y
1238 4197 1367 4281 pense,
1395 4187 1434 4248 et
1453 4165 1489 4249 la
1514 4159 1698 4250 moiudrc
1717 4171 1889 4251 aumdue
1902 4164 2156 4278 employeei

479 4323 577 4386 cette
612 4327 758 4392 oeuvre
786 4311 986 4398 meritoire
1012 4311 1220 4424 paroitroit
1243 4339 1321 4392 une
1358 4303 1525 4388 ridicule
1562 4305 1886 4422 superstition:
1930 4305 2031 4416 Quis
2062 4305 2155 4394 haec

477 4441 609 4561 legens
641 4467 833 4562 temperet
854 4481 877 4534 a
905 4449 1107 4540 lacrimis?
1138 4449 1305 4536 Manum
1330 4479 1352 4532 e
1373 4443 1514 4534 tabula.

566 4819 632 4934 ἱ(*)
657 4819 711 4898 Ne
735 4822 840 4928 quis,
867 4845 952 4921 quae
977 4822 1072 4920 plura
1098 4839 1205 4922 suut,
1232 4836 1346 4902 contra
1374 4822 1602 4898 Gammaticae
1626 4821 1741 4923 leges,
1770 4815 1947 4894 ueletiam
1973 4820 2090 4916 ntale,
2124 4833 2156 4896 et

481 4948 574 5026 aliter
601 4962 697 5051 atque
722 4947 819 5023 aliter
844 4951 962 5054 scripta
989 4949 1209 5052 Typogmplti
1228 4952 1369 5026 incuriae
1394 4946 1529 5042 tribuat,
1549 4950 1693 5024 monitos
1717 4949 1875 5024 Lectores
1901 4944 2063 5044 volumus,
2082 4935 2154 5022 esi·

482 5078 625 5152 stunassc
650 5101 740 5175 uos,
769 5077 837 5178 ita,
865 5089 900 5152 ut
927 5077 960 5153 iu
980 5078 1069 5156 ttss.
1097 5075 1279 5178 leguntur,
1307 5075 1408 5152 verba
1435 5100 1574 5153 servate.
