4834 6602
1017 556 1034 673 (
1065 555 1118 670 75
1147 555 1164 672 )

245 789 264 832 n
301 779 426 868 gnum
455 746 642 828 timorem
671 764 716 820 ac
743 731 924 818 dolorem
954 724 1186 812 Christianis
1215 726 1409 810 incessisse
1447 721 1501 810 ob
1532 723 1693 808 tardum
1731 734 1848 816 nimis
1892 735 1923 816 i-

236 931 255 969 a
290 896 375 1010 gnis
403 888 500 972 sacri
538 873 766 966 adventum
795 873 1068 958 Meminerunt
1106 863 1285 950 eiusdem
1323 864 1499 981 pmdigii
1536 864 1755 950 Perdiccas
1778 869 1910 986 Ephe·

245 1069 263 1110 »
297 1036 411 1135 sius,
440 1027 675 1134 Ancyrauus
703 1015 822 1120 alter,
851 1035 891 1098 et
918 1003 1186 1096 Wilbrandus
1213 1003 1531 1122 Oldenburgicus
1557 1009 1610 1094 ab
1627 995 1774 1092 Allatio
1811 1012 1917 1102 editi.

236 1209 256 1249 o
290 1169 444 1256 Verum
484 1158 598 1278 quod
627 1158 722 1242 olim
748 1157 827 1239 Dei
856 1151 1011 1238 donum
1039 1149 1129 1253 fuit,
1157 1178 1265 1234 nunc
1294 1150 1431 1234 techna
1468 1173 1525 1236 est
1553 1151 1757 1238 vafrorum
1793 1158 1919 1242 homi-

243 1345 262 1387 »
286 1339 397 1394 ,num
427 1310 562 1422 ignem
592 1298 733 1383 furtim
763 1301 804 1379 in
833 1295 989 1378 fomite‘
1015 1293 1286 1403 capientium,
1328 1321 1378 1375 ne
1406 1295 1500 1404 ipsis
1539 1291 1705 1407 quidem
1743 1296 1914 1386 infician-

240 1489 265 1531 -»
297 1451 418 1538 tibus.
460 1473 503 1537 :r
543 1441 638 1528 Non
666 1459 748 1522 tam
777 1437 967 1522 brevibus
996 1434 1128 1518 verbis
1156 1431 1208 1517 de
1235 1461 1344 1517 sacro
1370 1437 1460 1551 igne
1476 1465 1593 1552 agens
1611 1442 1920 1551 sapientissimus

240 1593 414 1680 Antistes
441 1619 483 1674 se
510 1579 781 1696 expediisset,
806 1583 839 1663 si
869 1608 971 1692 quae
999 1599 1129 1662 nostra
1157 1574 1230 1660 hac
1266 1595 1390 1659 aetate
1418 1575 1591 1688 plurima
1633 1581 1792 1698 vulgata
1828 1609 1920 1670 sunt
1949 1625 1953 1637 ·

242 1749 523 1833 monumenta,
551 1730 635 1839 ipse
663 1719 836 1806 vidisset.
865 1717 962 1801 Non
993 1717 1244 1801 schismaticis
1273 1736 1447 1820 tantum,
1476 1737 1516 1802 et
1543 1721 1591 1802 iis
1619 1751 1719 1834 quos
1739 1749 1919 1830 recenset,

235 1868 309 1956 sed
338 1891 380 1955 et
406 1865 623 1954 Catholicis
651 1891 752 1976 pene
779 1861 998 1960 omnihus,
1036 1885 1166 1970 neque
1194 1854 1246 1939 de
1282 1855 1423 1968 plebe,
1462 1856 1531 1941 sed
1569 1879 1609 1943 et
1644 1859 1851 1978 Episcopis
1880 1889 1918 1951 et

238 2011 503 2112 Proceribus,
531 2028 572 2091 et
598 2008 742 2117 pietate
771 2021 811 2084 et
840 1999 1019 2084 doctrina
1049 1997 1266 2112 insignibus
1296 2000 1391 2080 viris
1428 2027 1657 2109 persuasum
1693 2001 1798 2088 illud
1826 2039 1917 2120 pro

240 2149 400 2266 digium
427 2149 526 2249 luit,
553 2148 653 2259 quin
683 2163 722 2227 et
750 2145 826 2254 ipsi
856 2139 1041 2226 Pontifici
1069 2140 1246 2222 maximo
1274 2133 1442 2221 Urbano
1473 2140 1515 2223 ΙΙ
1544 2143 1583 2222 in
1602 2139 1911 2233 Claromontano

206 2286 502 2396 ,Concilio,·ut
529 2312 647 2395 supra
676 2279 902 2366 retulimus.
931 2280 1015 2364 Nec
1054 2277 1138 2362 duo
1166 2278 1231 2362 vel
1261 2299 1338 2362 tres
1366 2282 1572 2391 scriptores
1610 2303 1765 2368 tantum
1801 2288 1919 2376 huius

241 2433 298 2512 rei
327 2429 622 2528 meminerunt,
650 2423 721 2508 sed
761 2423 1079 2535 quamplurimi,
1116 2441 1155 2504 et
1182 2419 1321 2535 digni,
1344 2420 1490 2533 quibus
1527 2425 1690 2507 omnino
1727 2423 1917 2514 credatur.

238 2567 385 2652 Omnis
413 2586 517 2650 certe
545 2564 706 2649 historia
734 2584 892 2667 rueret,
911 2561 1108 2646 sifalsum
1138 2559 1311 2666 dicatur,
1330 2559 1443 2675 quod
1462 2581 1522 2644 tot
1540 2563 1704 2648 testibus
1725 2561 1920 2670 firmatur,

240 2711 312 2820 qui
329 2708 501 2818 propriis
519 2705 638 2787 etiam
653 2703 781 2788 oculis
798 2731 871 2788 ase
882 2706 1013 2787 visum
1032 2723 1252 2806 narrarunt,
1267 2707 1439 2787 maxime
1456 2699 1568 2815 quod
1583 2701 1922 2820 quandoquedili-

242 2849 436 2966 gentiores
470 2841 668 2928 adhibitae
699 2842 855 2928 luerint
882 2844 1080 2926 cautiones
1107 2840 1159 2927 ad
1188 2843 1371 2928 fraudem
1398 2840 1632 2957 fraudisque
1659 2851 1921 2959 suspicionem

246 2981 541 3070 removendam.
570 2980 733 3094 Optime
760 3009 859 3064 vero
887 2978 1140 3066 doctissimus
1167 2983 1391 3098 Episcopus
1419 2985 1516 3070 olim
1544 2981 1773 3102 prodigium
1792 3021 1813 3072 a
1832 2989 1922 3074 Deo

246 3127 395 3212 factum
423 3125 545 3209 lassus
573 3142 658 3228 est,
686 3143 733 3206 ut
763 3150 835 3206 nos
868 3119 934 3206 vel
963 3119 1132 3206 libenter
1160 3121 1344 3233 pluribus
1371 3124 1513 3210 abhinc
1535 3126 1697 3210 saeculis
1715 3125 1819 3213 illud
1843 3158 1921 3216 oes-

247 3293 348 3349 sasse
376 3262 557 3348 fatemur.
587 3261 681 3346 Non
714 3291 809 3346 vero
837 3259 916 3344 Dei
943 3259 1126 3344 voluntas
1154 3262 1207 3344 ita
1234 3259 1417 3348 adstricta
1447 3283 1530 3370 est,
1559 3294 1630 3349 nec
1667 3295 1747 3351 esse
1774 3290 1915 3380 potest,

248 3429 294 3492 ut
322 3405 434 3521 quod
462 3405 669 3517 aliquoties
697 3405 731 3485 ei
763 3399 911 3513 placuit
940 3419 1048 3484 extra
1076 3399 1289 3506 ordinem,
1318 3433 1473 3517 semper
1502 3403 1626 3490 facere
1654 3410 1737 3520 ipse
1764 3405 1917 3518 debeat,

213 3523 217 3534 .
249 3573 320 3628 nec
349 3574 397 3632 ex
425 3573 473 3628 eo
500 3540 614 3655 quod
642 3537 760 3624 hodie
789 3540 881 3623 Deo
909 3535 1019 3622 haud
1048 3537 1204 3649 placet,
1232 3545 1343 3658 argui
1373 3547 1516 3654 poterit
1543 3573 1767 3659 numquam
1799 3545 1917 3662 placi.

251 3704 351 3765 tum.
380 3683 560 3765 Severior
588 3709 683 3766 vero
712 3679 781 3763 illa
810 3700 868 3762 est
896 3706 1078 3781 censura,
1107 3709 1184 3795 qua
1214 3704 1260 3765 ut
1288 3681 1409 3796 vqsri
1433 3683 1612 3768 homiues
1639 3685 1803 3772 technas
1820 3686 1918 3772 lace·

253 3850 296 3905 re
327 3815 605 3924 traducantur,
634 3825 705 3932 qui
735 3815 844 3903 haud
874 3815 1089 3930 dfftentur
1116 3845 1159 3898 se
1182 3843 1357 3904 excusso
1384 3820 1479 3930 igne
1506 3847 1529 3898 e
1552 3815 1691 3929 laprile
1717 3835 1754 3901 et
1792 3823 1835 3903 in
1845 3819 1921 3932 sc-

254 3967 349 4045 mite
377 3977 531 4074 recepto
559 3958 761 4073 lampades
789 3954 1018 4060 accendere,
1032 3975 1079 4040 ut
1106 3952 1354 4040 doctissimus
1379 3953 1604 4070 Episcopus
1632 3959 1713 4068 ipse
1731 3958 1919 4044 observat

250 4101 360 4183 Haec
388 4121 521 4184 autem
550 4106 684 4186 omnia
713 4100 851 4205 salva,
880 4127 1003 4216 quam
1032 4091 1386 4211 profitemur,erga
1414 4092 1660 4181 doctissimos
1689 4101 1793 4183 viros
1812 4127 1921 4183 reve-

249 4247 370 4324 rentia
382 4303 394 4345 ,
427 4247 577 4354 scripta
605 4243 801 4330 existimet
828 4243 978 4330 lector.
1512 4350 1531 4387 ί
