4870 6630
1851 521 1859 562 l

1026 541 1212 686 lio)

297 757 453 848 culosao
481 748 649 866 Apuliae
676 725 892 844 mulares,
919 757 958 822 et
990 742 1130 852 paeri,
1159 767 1254 824 cum
1283 741 1455 826 maxima
1484 751 1611 856 aquae
1637 751 1801 856 penuria
1831 747 1985 836 labara-
2066 813 2068 818 .
2174 829 2182 846 ,

293 925 382 1004 tur,
410 887 644 984 huiusmodi
672 904 845 972 utuntur
873 875 1077 988 artificio,
1104 901 1152 966 ut
1180 897 1318 964 scruta
1346 879 1462 988 suni,
1500 881 1565 970 vel
1588 885 1794 990 ⁸arundini
1831 889 1987 1005 alligata

283 1023 338 1128 'in
366 1045 550 1128 cisternas
579 1031 674 1116 lere¹
687 1032 805 1114 siccas
834 1026 1055 1110 immittant
1084 1019 1137 1105 ad
1166 1023 1368 1110 residuam
1395 1057 1542 1140 aquam
1563 1042 1632 1149 'eu
1649 1032 1695 1114 iis
1711 1028 1981 1126 hauriendam.

294 1183 383 1300 Ipsa
402 1205 576 1295 quoque
613 1200 693 1254 vox
722 1170 911 1270 Piscina,
950 1195 1034 1279 qua
1063 1165 1303 1276 Anonymus
1332 1171 1479 1274 utitur,
1507 1199 1556 1254 ex
1584 1169 1731 1284 Apulia
1765 1177 1981 1284 repetentia

292 1306 462 1412 ridetur.
508 1320 699 1409 Piscinae
726 1315 834 1396 enim
862 1307 1062 1397 vocabulo
1101 1310 1247 1424 passim
1277 1307 1429 1420 Appuli
1457 1331 1629 1396 utuntur
1666 1309 1718 1400 ad
1757 1315 1978 1434 significan·

293 1471 369 1558 das·
382 1467 614 1582 Cisternas.
641 1453 721 1540 Sed
746 1451 802 1539 de
816 1455 892 1539 .his
920 1456 1043 1555 satis,
1072 1481 1166 1536 nam
1193 1472 1320 1536 catera
1348 1449 1503 1536 adferre
1531 1455 1700 1573 longum
1739 1487 1830 1544 sane
1866 1485 1985 1550 esset..

337 1673 343 1686 .
412 1610 487 1694 His
515 1609 635 1691 etiam
665 1596 829 1685 accedit·
844 1592 957 1711 quod
987 1593 1340 1710 Historiographus
1366 1617 1503 1680 noster¹
1526 1599 1609 1684 sibi
1632 1605 1849 1713 maxime,
1872 1635 1980 1721 qnae

291 1752 344 1839 ad
389 1749 581 1864 Apuliam
616 1746 847 1860 pertinent,
887 1761 978 1824 uota
1007 1737 1149 1824 fnisse
1171 1731 1370 1839 ostendit,
1408 1759 1542 1824 contra
1566 1744 1683 1858 'quod
1712 1743 1764 1830 de
1790 1747 1875 1835 aliis
1908 1781 1978 1862 ap-

288 1917 420 2010 pareat
448 1889 701 2010 Regionibus
729 1881 850 1989 Inde,
888 1911 991 1997 quae
1028 1881 1112 1966 loca
1141 1877 1368 1964 Boamumli
1417 1883 1586 2004 imperio
1630 1890 1672 1971 in
1700 1887 1847 2003 Apulia
1881 1892 1974 1977 sub·

200 2096 203 2106 2
287 2057 447 2142 essent,
474 2055 633 2136 narrat,
662 2057 815 2114 nemon
843 2045 884 2108 et
911 2025 984 2138 qui
1014 2021 1185 2136 Apuliae
1214 2022 1360 2105 Portus
1382 2022 1666 2112 in=01ientem
1692 2028 1979 2118 adnunciare·

293 2179 396 2266 dum
414 2175 692 2290 oportuniores
706 2193 843 2274 essem,
857 2189 905 2248 ut
920 2184 1016 2278 puta
1034 2165 1154 2269 Barii,
1168 2161 1387 2248 Brundusii
1403 2189 1444 2251 et
1462 2169 1631 2253 Tarenti}
1640 2169 1783 2258 Narrat
1793 2174 1910 2256 etiam
1931 2179 1976 2262 ia

292 2317 501 2432 Amalphis
529 2313 735 2401 obsidione
763 2307 1063 2412 Boamundum,
1081 2333 1175 2392 cum
1193 2304 1379 2416 publicus
1398 2308 1658 2422 expeditionis
1677 2339 1804 2396 sacrae
1818 2299 1974 2418 rumor,

287 2483 377 2548 tum
405 2480 447 2543 et
474 2455 604 2560 Crura
639 2457 885 2572 signatorum
913 2449 965 2534 ad
995 2477 1091 2535 eum
1120 2450 1270 2536 clamor
1300 2451 1506 2560 pervenit3
1536 2449 1714 2536 undeet
1742 2457 1972 2539 statimiur·
2010 2465 2014 2472 '

283 2604 380 2688 serit
403 2627 591 2714 pannum
619 2601 795 2682 sericum
818 2598 1189 2710 pretiosissimum,
1228 2623 1347 2710 ‹ptem
1385 2589 1499 2708 apud
1524 2623 1567 2677 se
1597 2591 1776 2698 habebat,
1807 2593 1947 2709 efferri
1958 2657 1972 2699 ,

283 2773 452 2858 ruraque
479 2737 607 2824 incidi
628 2741 895 2854 praeceperit,
916 2739 1278 2856 tetramqnestatim
1296 2738 1342 2820 in
1358 2763 1499 2820 cruces
1517 2731 1735 2848 expendi..
1749 2796 1779 2818 ..
1799 2732 1969 2821 deinde

281 2900 317 2966 et
345 2885 391 2965 in
419 2898 573 2968 terram
601 2908 720 2962 suam
748 2905 949 2960 reversus.
978 2878 1043 2962 An
1073 2907 1154 2962 non
1182 2875 1324 2966 exinde
1343 2877 1494 2990 patebit
1511 2876 1753 2989 Scriptorem
1772 2899 1965 2987 nostrum,

283 3026 355 3136 qui
387 3044 469 3108 tam
497 3020 683 3104 minimas
711 3014 938 3107 Boamundi
967 3045 1028 3103 res
1057 3023 1192 3124 sciret,
1211 3022 1253 3103 in
1282 3023 1476 3104 comitatu
1503 3022 1588 3104 eius
1617 3016 1684 3103 vel
1711 3019 1962 3107 tnncfuisse?
1991 3033 2005 3048 ’

277 3163 457 3247 Fortasse
475 3164 593 3247 etiam
608 3163 699 3274 quis
719 3161 890 3242 non-sine
903 3157 1485 3275 rationealiquailludexBelli
1504 3159 1610 3244 Sacri
1625 3160 1801 3244 Historia
1818 3163 1859 3245 in
1873 3191 1956 3246 me-

275 3305 390 3391 dium
408 3304 553 3406 afferet,
572 3301 683 3419 quod
702 3297 934 3386 Curbanam
947 3298 1178 3386 Curbanam
1192 3299 1245 3386 ad
1265 3331 1358 3388 snos
1385 3305 1580 3415 scripsisse
1599 3320 1730 3384 narrat
1744 3299 1897 3387 Auctor
1925 3333 1964 3386 n.

272 3447 481 3534 l··tV11=r
501 3449 553 3534 V
544 3448 626 3530 abrs
636 3473 810 3560 nauaque
828 3448 914 3527 rirro
929 3472 1008 3557 per
1031 3442 1263 3546 Machamet
1279 3461 1317 3528 ct
1329 3475 1409 3557 per
1420 3443 1558 3526 omnia
1579 3441 1761 3526 Deorum
1778 3445 1958 3544 nomina,

273 3594 460 3694 pamniam
490 3605 584 3670 ante
612 3602 797 3670 vestram
825 3614 906 3668 non
936 3615 1003 3668 ero
1019 3609 1276 3674 reversurus
1300 3587 1597 3699 praesentiam,
1622 3579 1748 3667 donec
1777 3581 1955 3698 regalem

270 3728 539 3828 Antiochiam,
568 3743 605 3808 et
634 3753 793 3807 omnem
824 3725 1006 3836 Syriam,
1021 3730 1104 3811 sire
1132 3721 1389 3830 Rornaaiam,
1414 3725 1536 3844 atqrre
1559 3707 1967 3839 Balgarrammsptre.

274 3867 373 3950 dum
403 3865 593 3981 Apuliam
622 3869 843 3982 acquisiero
870 3861 1088 3977 meaforti
1108 3864 1300 3972 'dentem
1329 3865 1391 3952 ad
1416 3873 1598 3956 Dromon
1626 3885 1853 3952 nostrorum
1874 3865 1947 3948 Aa·

271 4037 431 4112 rcorem,
459 4026 497 4092 et
524 4013 717 4091 amaricat·
739 4007 961 4110 Parcarum
989 4007 1040 4092 de
1069 4025 1201 4093 nasac
1226 4037 1383 4124 genere.
1412 4009 1507 4096 Non
1535 4030 1640 4096 certe
1667 4012 1742 4094 nisi
1770 4007 1964 4120 ex.Aptt··

264 4157 315 4239 lia
345 4150 466 4233 homo
495 4150 563 4234 has
591 4149 723 4234 vesani
752 4150 964 4236 Thrasonis
990 4154 1117 4234 urinas
1153 4171 1298 4236 eontra·
1314 4150 1506 4265 Apuliam
1525 4145 1748 4264 scripsisset.
1761 4148 1840 4234 Sed
1868 4146 1945 4232 for·

265 4313 361 4384 ta'sse
390 4299 563 4410 penitius
591 4325 652 4380 res
681 4289 958 4409 investiganda.
1325 4385 1328 4392 ¹
1505 4310 1509 4317 ·

376 4438 472 4520 Tres
502 4442 544 4520 in
573 4453 702 4550 partes
730 4434 907 4522 divisum
945 4441 1146 4556 integrum
1183 4439 1557 4556 Cmoesignatorum
1595 4441 1813 4526 exercitum
1856 4439 1947 4522 scri-

262 4584 321 4665 bit
350 4581 510 4665 Auctor.
540 4578 633 4663 Non
658 4607 755 4661 saue
782 4577 834 4662 ad
862 4583 1034 4692 primam
1065 4587 1201 4699 ipsum
1226 4588 1460 4696 pertinuisse
1488 4579 1735 4682 dicendum,
1767 4577 1946 4666 Franco-

265 4749 367 4804 ram
385 4721 527 4816 scilieet
547 4735 721 4836 'partem
742 4751 866 4836 qtrae,
881 4753 960 4835 per
993 4727 1224 4840 Uagariam
1252 4722 1638 4838 Constantinopolim
1668 4725 1854 4836 perrexit,
1869 4715 1951 4805 Go-

261 4861 436 4974 litifredo
456 4868 632 4977 eiusque
660 4863 799 4946 Fratre
829 4863 1029 4950 Balalraiao
1056 4887 1096 4952 et
1124 4865 1245 4952 altero
1275 4865 1474 4953 Bairirdna
1502 4865 1553 4952 de
1585 4868 1746 4966 nnnc,
1775 4880 1813 4944 et
1850 4857 1961 4940 aliis·

260 5003 440 5118 pluribus
470 5003 650 5089 Ducibus
670 5048 687 5106 ,1
711 5033 807 5121 pros
835 5008 1024 5119 ignorare
1050 5024 1089 5094 tt
1106 5023 1285 5124 ‘qttorum
1312 5015 1477 5098 nomrira
1514 5007 1667 5095 dictare
1704 5029 1842 5089 carere
1887 5004 1951 5092 fa-.
