4914 6610
1040 552 1057 665 (
1090 556 1167 638 2'25
1199 556 1215 670 )

279 721 496 836 Hydrunti
522 721 696 835 denique
725 723 778 805 D.
811 717 918 804 Haec
947 717 1038 804 ideo
1067 719 1276 805 adiicimus
1304 717 1416 836 quod
1447 743 1622 811 nostram
1651 730 1813 817 illorum
1853 751 1950 818 tem·

274 895 421 980 porum
448 865 652 948 historiam
682 862 876 948 illustrare
905 893 1017 976 posse
1056 891 1268 947 censemus.
1424 841 1430 862 ’

387 1006 582 1114 Quamvis
610 1001 804 1119 denique,
833 1037 935 1120 quae
974 1007 1120 1120 plura,
1158 1035 1282 1118 eaque
1308 987 1408 1091 ,satis
1445 1006 1663 1118 probabilia
1708 1007 1948 1096 adduximus

272 1171 505 1267 argumenta
533 1144 585 1230 ad
614 1151 784 1232 numinis
813 1153 973 1262 Respae
1002 1154 1044 1234 in
1074 1147 1281 1264 Malfitam
1318 1151 1399 1232 sive
1428 1146 1694 1263 Melplzictum
1723 1157 1953 1236 mutationis

216 1279 224 1296 ’
271 1321 449 1380 caussam
476 1269 857 1395 demunstrandatn‚
887 1321 968 1376 non
1006 1291 1123 1404 plane
1160 1293 1327 1398 omnino
1355 1286 1399 1372 id
1427 1289 1580 1374 efficere
1609 1287 1736 1376 videri
1766 1297 1948 1406 possint,

276 1429 379 1518 illud
403 1465 483 1552 ¹pre
511 1456 716 1547 comperto
743 1430 975 1518 habendum
1004 1438 1080 1517 erit
1107 1427 1181 1512 Via
1209 1433 1251 1512 in
1279 1428 1470 1516 Flaminia
1501 1429 1600 1532 clim
1630 1433 1811 1544 Respam
1830 1437 1946 1515 exsti-

274 1577 385 1680 tisse,
414 1605 462 1659 eo
490 1578 744 1688 potissimum
773 1575 860 1660 loco
890 1575 963 1658 ubi
992 1572 1260 1688 Melphictum
1290 1574 1387 1656 iacet
1415 1571 1664 1658 hodiernum.
1699 1574 1783 1658 Nec
1822 1578 1950 1657 nomi·

273 1746 375 1800 num
402 1714 608 1799 diversitas
637 1713 918 1800 certitudinem
946 1714 1046 1802 hanc
1074 1733 1250 1797 evertere
1279 1713 1366 1800 ullu
1395 1712 1518 1799 modo
1547 1720 1719 1828 poterit,
1748 1747 1840 1801 cnm
1861 1715 1949 1800 uhi-

271 1887 353 1969 que
382 1837 665 1960 terrarumjet
695 1837 829 1939 nestro
857 1837 1031 1968 maxime
1058 1857 1101 1937 in
1127 1845 1266 1970 Regno
1283 1849 1334 1940 ⁸et
1353 1853 1681 1960 Provinciamm,
1708 1877 1746 1938 et
1768 1853 1946 1940 Urbium

270 2015 422 2086 mutata
453 1994 571 2080 fuisse
600 1999 835 2098 nomina,ut
863 2000 910 2080 iis
929 2000 1194 2110 quoque,qui
1224 1995 1289 2082 vel
1315 2028 1338 2080 a
1367 1996 1504 2083 limine
1533 2017 1708 2088 veterem
1724 2025 1950 2112 novamque

269 2135 562 2254 Geographiam
590 2136 833 2242 salutarunt,
864 2159 1004 2224 notum
1033 2157 1098 2220 cst.
1128 2135 1206 2220 Sed
1235 2135 1329 2223 haec
1356 2137 1551 2227 haetenus:
