4914 6610
1271 528 1289 648 (
1324 527 1449 648 ¹72)

1329 833 1421 924 vu.

420 1163 431 1180 ·
511 1141 514 1146 ’
642 1121 778 1234 Quem
809 1125 997 1214 dominus
1025 1117 1187 1208 collecte
1217 1116 1478 1207 multitudine
1508 1145 1777 1230 suorumper
1805 1113 1922 1202 devia
1950 1145 2114 1232 quoque
2141 1149 2203 1201 re-

525 1267 684 1381 quirens
713 1271 865 1352 invenit
900 1261 1062 1351 tandem
1091 1258 1271 1375 predicta
1301 1262 1344 1345 in
1373 1262 1519 1346 vertice
1547 1259 1694 1394 montis
1713 1255 1869 1342 foribus
1885 1258 2056 1342 assistere
2074 1261 2204 1340 cuius-

525 1403 619 1490 dam
647 1407 842 1520 spelunce.

1308 1680 1421 1768 VIII.

645 1971 727 2078 Qui
756 1993 893 2058 exerto
925 2002 1018 2056 arcu
1048 1969 1167 2056 illum
1196 1973 1331 2088 sagitte
1360 1975 1535 2059 tossicetu
1565 1966 1628 2086 (ι)
1657 1998 1737 2084 que
1762 1972 1868 2052 venti
1894 1967 2041 2050 femine
2060 1965 2124 2082 (2)
2141 1967 2208 2052 de-

534 2133 635 2196 torta
665 2145 756 2198 eum
789 2145 809 2196 a
840 2145 922 2229 quo
953 2121 1051 2200 iacta
1081 2136 1141 2198 est
1171 2145 1266 2200 mox
1296 2141 1452 2202 reversa
1481 2112 1680 2222 percussit.
1708 2107 1878 2208 Turbati
1907 2105 2078 2220 proinde
2105 2112 2207 2194 ciues

531 2272 569 2331 er
598 2253 805 2363 stupefacti
835 2254 1004 2367 qualiter
1032 2285 1095 2340 res
1124 2256 1246 2344 fuerit
1274 2259 1420 2343 effecta.

1332 2535 1405 2646 ur.

645 2819 740 2904 Non
769 2825 877 2905 enim
906 2824 1087 2907 accedere
1115 2821 1314 2906 audebant
1342 2814 1598 2904 consulerunt
1626 2815 1690 2900 hic
1719 2813 1968 2928 Episcopum
2005 2821 2108 2933 quid
2147 2820 2199 2904 fa·

533 2980 597 3042 cto
626 2991 727 3072 opus
766 2967 826 3045 sit.
857 2961 937 3070 Qui
976 2962 1128 3048 indicto
1174 2964 1322 3046 ieiunio
1359 2955 1459 3042 adeo
1487 2955 1612 3070 (sic)
1641 2959 1798 3040 monuit
1836 2985 1918 3078 esse
1956 2962 2209 3072 querendum

532 3107 617 3213 quo
645 3113 802 3214 peracto
830 3102 995 3188 Sanctus
1023 3101 1176 3190 domiui
1206 3097 1474 3216 Archangelus
1503 3098 1750 3212 Episcopum
1780 3125 1852 3216 per
1893 3105 2084 3188 visionem
2113 3103 2211 3187 allo-

541 3245 679 3353 quitur
707 3242 851 3330 dicens
946 3245 950 3253 ’

650 3381 745 3488 Quo
760 3415 854 3472 vero
874 3391 997 3501 magis
1016 3416 1107 3500 erga
1122 3385 1159 3468 S.
1177 3381 1468 3498 Archangelum
1497 3389 1620 3470 animi
1640 3391 1762 3471 nostri
1791 3391 2051 3478 devotionem
2080 3417 2207 3482 osten-

534 3521 693 3625 demus,
721 3522 835 3610 lubet
863 3526 927 3611 hic
956 3527 1118 3610 Missam
1148 3531 1192 3608 in
1222 3524 1404 3609 eiusdem
1433 3526 1577 3610 tunore
1606 3530 1844 3636 exscribere,
1875 3563 1976 3647 quac
2004 3535 2044 3620 iu
2074 3535 2209 3619 Sacra·

535 3669 729 3749 urenturio
758 3667 962 3752 Gallicano
991 3700 1012 3750 a
1042 3666 1270 3780 doctissimo
1299 3667 1532 3760 MebiIlouio
1563 3665 1671 3750 edito
1699 3669 1876 3785 (TomI.
1894 3673 1999 3757 Mus.
2018 3675 2135 3790 Ital.)
2154 3675 2209 3759 le-

534 3809 652 3918 gitur.
685 3804 748 3890 lbi
793 3829 883 3918 post
911 3808 1115 3920 epistolam
1154 3839 1256 3922 quae
1293 3807 1471 3893 desumta
1516 3833 1573 3894 est
1610 3843 1634 3892 e
1660 3810 1697 3891 S.
1727 3809 1884 3896 Ioannis
1903 3812 2209 3924 Apocalypsi:

510 3947 713 4030 --Factum
741 3963 799 4030 est
821 3946 1023 4061 praelium
1051 3952 1095 4031 in
1123 3950 1232 4034 caeto
1248 3986 1290 4049 ε
1317 3973 1356 4034 et
1382 3949 1648 4065 Evangelium
1685 3943 2035 4064 transfigurationis
2064 3953 2208 4038 Domi·

429 4059 480 4212 s·
525 4091 575 4176 ,ni
603 4089 727 4174 nostri
771 4121 818 4176 ex
847 4091 1043 4178 Muttineo
1094 4089 1178 4204 (3),
1220 4092 1422 4207 sequeutia
1460 4091 1647 4205 leguntur
1674 4103 1717 4168 τι
1751 4091 1918 4176 Aeterne
1947 4091 2208 4206 Omnipotens

541 4259 559 4301 u
592 4229 701 4338 Deus
714 4295 739 4340 ,ι
757 4237 828 4347 qui
860 4235 1084 4318 universum
1114 4237 1153 4314 in
1181 4234 1376 4347 principio
1405 4252 1624 4312 creaturam
1653 4231 1788 4315 Verbo
1817 4259 2050 4346 cooperante
2079 4267 2125 4318 ex
2152 4242 2209 4320 ni·

636 4589 694 4689 (r)
721 4587 888 4668 Tossiceta
913 4592 1003 4668 deest
1017 4596 1062 4709 jn
1088 4597 1209 4674 canus.

635 4717 693 4819 (2)
720 4718 841 4792 Canus.
855 4721 1031 4818 flamine.

635 4843 691 4942 (3)
718 4843 885 4944 Epistulae
910 4843 995 4919 hunc
1021 4846 1167 4921 adiunxit
1193 4863 1305 4924 notam
1333 4849 1547 4926 IIubiIIonius
1572 4885 1608 4930 ι·
1632 4849 1737 4927 Haec
1770 4839 1878 4928 lectio
1910 4866 2010 4927 recte
2044 4861 2211 4928 conuenit
