<?xml version="1.0" encoding="UTF-8"?>
<!DOCTYPE html PUBLIC "-//W3C//DTD XHTML 1.0 Transitional//EN"
    "http://www.w3.org/TR/xhtml1/DTD/xhtml1-transitional.dtd">
<html xmlns="http://www.w3.org/1999/xhtml" xml:lang="en" lang="en">
 <head>
  <title>
</title>
<meta http-equiv="Content-Type" content="text/html;charset=utf-8" />
  <meta name='ocr-system' content='tesseract 3.04.00' />
  <meta name='ocr-capabilities' content='ocr_page ocr_carea ocr_par ocr_line ocrx_word'/>
</head>
<body>
  <div class='ocr_page' id='page_1' title='image "./kalendariaveter00giovgoog_0303.png"; bbox 0 0 4914 6610; ppageno 0'>
   <div class='ocr_carea' id='block_1_1' title="bbox 403 541 2272 4534">
    <p class='ocr_par' dir='ltr' id='par_1_1' title="bbox 1268 541 1442 671">
     <span class='ocr_line' id='line_1_1' title="bbox 1268 541 1442 671; baseline -0.017 0"><span class='ocrx_word' id='word_1_1' title='bbox 1268 541 1442 671; x_wconf 79' lang='lat' dir='ltr'><strong>l180l</strong></span> 
     </span>
    </p>

    <p class='ocr_par' dir='ltr' id='par_1_2' title="bbox 403 709 2272 2088">
     <span class='ocr_line' id='line_1_2' title="bbox 534 709 2197 870; baseline 0.001 -74"><span class='ocrx_word' id='word_1_2' title='bbox 534 741 649 818; x_wconf 91' lang='lat' dir='ltr'><strong>cum,</strong></span> <span class='ocrx_word' id='word_1_3' title='bbox 678 745 779 828; x_wconf 87' lang='lat' dir='ltr'><strong>quae</strong></span> <span class='ocrx_word' id='word_1_4' title='bbox 809 719 1041 804; x_wconf 82' lang='lat' dir='ltr'><strong>celebriores</strong></span> <span class='ocrx_word' id='word_1_5' title='bbox 1069 725 1110 804; x_wconf 92' lang='lat' dir='ltr'><strong>in</strong></span> <span class='ocrx_word' id='word_1_6' title='bbox 1127 719 1401 834; x_wconf 67' lang='lat' dir='ltr'><strong>‘Neapolitano</strong></span> <span class='ocrx_word' id='word_1_7' title='bbox 1428 717 1566 834; x_wconf 89' lang='lat' dir='ltr'><strong>Regno</strong></span> <span class='ocrx_word' id='word_1_8' title='bbox 1585 713 1649 800; x_wconf 88' lang='lat' dir='ltr'><strong>SS.</strong></span> <span class='ocrx_word' id='word_1_9' title='bbox 1668 713 1842 831; x_wconf 82' lang='lat' dir='ltr'>Virginis</span> <span class='ocrx_word' id='word_1_10' title='bbox 1871 715 1997 825; x_wconf 79' lang='lat' dir='ltr'><strong>pictae</strong></span> <span class='ocrx_word' id='word_1_11' title='bbox 2016 709 2197 870; x_wconf 52' lang='lat' dir='ltr'><strong>Tabulae</strong></span> 
     </span>
     <span class='ocr_line' id='line_1_3' title="bbox 532 847 2193 974; baseline 0.014 -40"><span class='ocrx_word' id='word_1_12' title='bbox 532 877 686 958; x_wconf 84' lang='lat' dir='ltr'><strong>essent,</strong></span> <span class='ocrx_word' id='word_1_13' title='bbox 726 855 944 944; x_wconf 81' lang='lat' dir='ltr'><strong>describere</strong></span> <span class='ocrx_word' id='word_1_14' title='bbox 973 865 1231 974; x_wconf 85' lang='lat' dir='ltr'><strong>suscepisset,</strong></span> <span class='ocrx_word' id='word_1_15' title='bbox 1260 867 1362 947; x_wconf 89' lang='lat' dir='ltr'><strong>inter</strong></span> <span class='ocrx_word' id='word_1_16' title='bbox 1401 855 1487 940; x_wconf 78' lang='lat' dir='ltr'><strong>illas</strong></span> <span class='ocrx_word' id='word_1_17' title='bbox 1525 877 1564 958; x_wconf 77' lang='lat' dir='ltr'><strong>et</strong></span> <span class='ocrx_word' id='word_1_18' title='bbox 1602 857 1748 966; x_wconf 59' lang='lat' dir='ltr'><strong>Pictam</strong></span> <span class='ocrx_word' id='word_1_19' title='bbox 1777 849 1975 938; x_wconf 68' lang='lat' dir='ltr'><strong>Tabulam</strong></span> <span class='ocrx_word' id='word_1_20' title='bbox 2012 847 2193 934; x_wconf 65' lang='lat' dir='ltr'><strong>fflflfldssffl</strong></span> 
     </span>
     <span class='ocr_line' id='line_1_4' title="bbox 518 989 2201 1126; baseline 0.001 -55"><span class='ocrx_word' id='word_1_21' title='bbox 518 991 598 1074; x_wconf 87' lang='lat' dir='ltr'><strong>SS.</strong></span> <span class='ocrx_word' id='word_1_22' title='bbox 627 994 820 1110; x_wconf 81' lang='lat' dir='ltr'><strong>Virginis,</strong></span> <span class='ocrx_word' id='word_1_23' title='bbox 850 1029 952 1112; x_wconf 90' lang='lat' dir='ltr'><strong>quae</strong></span> <span class='ocrx_word' id='word_1_24' title='bbox 981 1020 1112 1083; x_wconf 89' lang='lat' dir='ltr'><strong>nostra</strong></span> <span class='ocrx_word' id='word_1_25' title='bbox 1140 1005 1181 1083; x_wconf 92' lang='lat' dir='ltr'><strong>in</strong></span> <span class='ocrx_word' id='word_1_26' title='bbox 1210 995 1463 1105; x_wconf 63' lang='lat' dir='ltr'><strong>Ecclesiaste</strong></span> <span class='ocrx_word' id='word_1_27' title='bbox 1493 995 1753 1106; x_wconf 82' lang='lat' dir='ltr'><strong>Martyribus</strong></span> <span class='ocrx_word' id='word_1_28' title='bbox 1774 991 1938 1095; x_wconf 89' lang='lat' dir='ltr'><strong>colitur,</strong></span> <span class='ocrx_word' id='word_1_29' title='bbox 1960 989 2201 1126; x_wconf 51' lang='lat' dir='ltr'><strong>adurentem·</strong></span> 
     </span>
     <span class='ocr_line' id='line_1_5' title="bbox 524 1131 2198 1290; baseline 0.002 -80"><span class='ocrx_word' id='word_1_30' title='bbox 524 1159 566 1210; x_wconf 89' lang='lat' dir='ltr'><strong>re</strong></span> <span class='ocrx_word' id='word_1_31' title='bbox 595 1136 769 1236; x_wconf 87' lang='lat' dir='ltr'><strong>censuit,</strong></span> <span class='ocrx_word' id='word_1_32' title='bbox 799 1155 839 1218; x_wconf 90' lang='lat' dir='ltr'><strong>et</strong></span> <span class='ocrx_word' id='word_1_33' title='bbox 868 1139 1163 1250; x_wconf 87' lang='lat' dir='ltr'><strong>quamplurima</strong></span> <span class='ocrx_word' id='word_1_34' title='bbox 1192 1169 1269 1251; x_wconf 92' lang='lat' dir='ltr'><strong>ope</strong></span> <span class='ocrx_word' id='word_1_35' title='bbox 1297 1141 1361 1224; x_wconf 90' lang='lat' dir='ltr'><strong>SS.</strong></span> <span class='ocrx_word' id='word_1_36' title='bbox 1391 1137 1536 1220; x_wconf 90' lang='lat' dir='ltr'><strong>Mariae</strong></span> <span class='ocrx_word' id='word_1_37' title='bbox 1564 1165 1586 1218; x_wconf 90' lang='lat' dir='ltr'><strong>a</strong></span> <span class='ocrx_word' id='word_1_38' title='bbox 1616 1135 1704 1218; x_wconf 93' lang='lat' dir='ltr'><strong>Deo</strong></span> <span class='ocrx_word' id='word_1_39' title='bbox 1733 1154 1882 1247; x_wconf 88' lang='lat' dir='ltr'><strong>patrata</strong></span> <span class='ocrx_word' id='word_1_40' title='bbox 1912 1131 2097 1219; x_wconf 88' lang='lat' dir='ltr'><strong>miracula</strong></span> <span class='ocrx_word' id='word_1_41' title='bbox 2135 1160 2198 1290; x_wconf 76' lang='lat' dir='ltr'><strong>re-</strong></span> 
     </span>
     <span class='ocr_line' id='line_1_6' title="bbox 523 1270 2272 1430; baseline 0.003 -78"><span class='ocrx_word' id='word_1_42' title='bbox 523 1270 624 1353; x_wconf 88' lang='lat' dir='ltr'><strong>tulit.</strong></span> <span class='ocrx_word' id='word_1_43' title='bbox 655 1272 838 1388; x_wconf 82' lang='lat' dir='ltr'><strong>Denique</strong></span> <span class='ocrx_word' id='word_1_44' title='bbox 882 1299 923 1361; x_wconf 88' lang='lat' dir='ltr'><strong>et</strong></span> <span class='ocrx_word' id='word_1_45' title='bbox 951 1278 994 1360; x_wconf 87' lang='lat' dir='ltr'><strong>P.</strong></span> <span class='ocrx_word' id='word_1_46' title='bbox 1023 1281 1242 1365; x_wconf 89' lang='lat' dir='ltr'><strong>Damianns</strong></span> <span class='ocrx_word' id='word_1_47' title='bbox 1280 1285 1323 1366; x_wconf 91' lang='lat' dir='ltr'><strong>in</strong></span> <span class='ocrx_word' id='word_1_48' title='bbox 1354 1281 1535 1362; x_wconf 80' lang='lat' dir='ltr'><strong>Historia</strong></span> <span class='ocrx_word' id='word_1_49' title='bbox 1571 1281 1682 1360; x_wconf 83' lang='lat' dir='ltr'><strong>vitae</strong></span> <span class='ocrx_word' id='word_1_50' title='bbox 1723 1275 1759 1359; x_wconf 78' lang='lat' dir='ltr'><em>S</em></span> <span class='ocrx_word' id='word_1_51' title='bbox 1795 1271 1976 1360; x_wconf 79' lang='lat' dir='ltr'><strong>Cotaradr&#39;</strong></span> <span class='ocrx_word' id='word_1_52' title='bbox 2004 1275 2195 1430; x_wconf 65' lang='lat' dir='ltr'><strong>Bovott,</strong></span> <span class='ocrx_word' id='word_1_53' title='bbox 2262 1359 2272 1372; x_wconf 72' lang='grc'><strong>,</strong></span> 
     </span>
     <span class='ocr_line' id='line_1_7' title="bbox 521 1407 2192 1541; baseline 0.004 -51"><span class='ocrx_word' id='word_1_54' title='bbox 521 1407 572 1490; x_wconf 93' lang='lat' dir='ltr'><strong>de</strong></span> <span class='ocrx_word' id='word_1_55' title='bbox 601 1439 684 1520; x_wconf 91' lang='lat' dir='ltr'><strong>quo</strong></span> <span class='ocrx_word' id='word_1_56' title='bbox 712 1413 805 1498; x_wconf 89' lang='lat' dir='ltr'><strong>alibi</strong></span> <span class='ocrx_word' id='word_1_57' title='bbox 822 1413 1015 1520; x_wconf 89' lang='lat' dir='ltr'><strong>diximus,</strong></span> <span class='ocrx_word' id='word_1_58' title='bbox 1043 1417 1174 1533; x_wconf 90' lang='lat' dir='ltr'><strong>aliqua</strong></span> <span class='ocrx_word' id='word_1_59' title='bbox 1190 1419 1327 1506; x_wconf 90' lang='lat' dir='ltr'><strong>dehac</strong></span> <span class='ocrx_word' id='word_1_60' title='bbox 1355 1417 1530 1502; x_wconf 85' lang='lat' dir='ltr'><strong>Ecclesia</strong></span> <span class='ocrx_word' id='word_1_61' title='bbox 1558 1420 1679 1501; x_wconf 91' lang='lat' dir='ltr'><strong>etiam</strong></span> <span class='ocrx_word' id='word_1_62' title='bbox 1702 1415 1914 1512; x_wconf 79' lang='lat' dir='ltr'><strong>adnotavit.</strong></span> <span class='ocrx_word' id='word_1_63' title='bbox 1942 1415 2192 1541; x_wconf 81' lang='lat' dir='ltr'><strong>Remiguur</strong></span> 
     </span>
     <span class='ocr_line' id='line_1_8' title="bbox 525 1549 2190 1672; baseline 0.007 -45"><span class='ocrx_word' id='word_1_64' title='bbox 525 1575 605 1628; x_wconf 90' lang='lat' dir='ltr'><strong>non</strong></span> <span class='ocrx_word' id='word_1_65' title='bbox 636 1549 984 1661; x_wconf 89' lang='lat' dir='ltr'><strong>Melphictensibus</strong></span> <span class='ocrx_word' id='word_1_66' title='bbox 1023 1579 1208 1666; x_wconf 90' lang='lat' dir='ltr'><strong>tantum,</strong></span> <span class='ocrx_word' id='word_1_67' title='bbox 1246 1561 1316 1646; x_wconf 91' lang='lat' dir='ltr'><strong>sed</strong></span> <span class='ocrx_word' id='word_1_68' title='bbox 1353 1557 1748 1672; x_wconf 81' lang='lat' dir='ltr'><strong>comprovincialibus</strong></span> <span class='ocrx_word' id='word_1_69' title='bbox 1786 1560 1904 1640; x_wconf 89' lang='lat' dir='ltr'><strong>etiam</strong></span> <span class='ocrx_word' id='word_1_70' title='bbox 1948 1555 2190 1670; x_wconf 81' lang='lat' dir='ltr'><strong>bominibus,</strong></span> 
     </span>
     <span class='ocr_line' id='line_1_9' title="bbox 519 1659 2189 1812; baseline 0.007 -47"><span class='ocrx_word' id='word_1_71' title='bbox 519 1659 627 1767; x_wconf 90' lang='lat' dir='ltr'><strong>haud</strong></span> <span class='ocrx_word' id='word_1_72' title='bbox 656 1691 848 1802; x_wconf 87' lang='lat' dir='ltr'><strong>ingratam</strong></span> <span class='ocrx_word' id='word_1_73' title='bbox 878 1693 1049 1780; x_wconf 81' lang='lat' dir='ltr'><strong>facturos</strong></span> <span class='ocrx_word' id='word_1_74' title='bbox 1077 1689 1293 1810; x_wconf 88' lang='lat' dir='ltr'><strong>putamus,</strong></span> <span class='ocrx_word' id='word_1_75' title='bbox 1322 1706 1356 1785; x_wconf 92' lang='lat' dir='ltr'><strong>si</strong></span> <span class='ocrx_word' id='word_1_76' title='bbox 1384 1731 1432 1784; x_wconf 82' lang='lat' dir='ltr'><strong>ex</strong></span> <span class='ocrx_word' id='word_1_77' title='bbox 1460 1696 1639 1783; x_wconf 88' lang='lat' dir='ltr'><strong>indicatis</strong></span> <span class='ocrx_word' id='word_1_78' title='bbox 1667 1695 1925 1812; x_wconf 89' lang='lat' dir='ltr'><strong>scriptoribus</strong></span> <span class='ocrx_word' id='word_1_79' title='bbox 1953 1676 2087 1811; x_wconf 87' lang='lat' dir='ltr'><strong>aliqua</strong></span> <span class='ocrx_word' id='word_1_80' title='bbox 2125 1725 2189 1776; x_wconf 86' lang='lat' dir='ltr'><strong>ex-</strong></span> 
     </span>
     <span class='ocr_line' id='line_1_10' title="bbox 518 1833 2184 1952; baseline 0.009 -47"><span class='ocrx_word' id='word_1_81' title='bbox 518 1851 742 1936; x_wconf 79' lang='lat' dir='ltr'><strong>cerpamuS,</strong></span> <span class='ocrx_word' id='word_1_82' title='bbox 771 1851 810 1912; x_wconf 90' lang='lat' dir='ltr'><strong>et</strong></span> <span class='ocrx_word' id='word_1_83' title='bbox 838 1833 969 1947; x_wconf 91' lang='lat' dir='ltr'><strong>aliqua</strong></span> <span class='ocrx_word' id='word_1_84' title='bbox 999 1841 1147 1941; x_wconf 90' lang='lat' dir='ltr'><strong>etiam,</strong></span> <span class='ocrx_word' id='word_1_85' title='bbox 1175 1870 1276 1952; x_wconf 89' lang='lat' dir='ltr'><strong>quae</strong></span> <span class='ocrx_word' id='word_1_86' title='bbox 1305 1837 1356 1922; x_wconf 88' lang='lat' dir='ltr'><strong>ad</strong></span> <span class='ocrx_word' id='word_1_87' title='bbox 1386 1841 1500 1920; x_wconf 88' lang='lat' dir='ltr'><strong>istam</strong></span> <span class='ocrx_word' id='word_1_88' title='bbox 1538 1835 1808 1922; x_wconf 89' lang='lat' dir='ltr'><strong>illustrandam</strong></span> <span class='ocrx_word' id='word_1_89' title='bbox 1839 1837 2058 1922; x_wconf 86' lang='lat' dir='ltr'><strong>Ecclesiam</strong></span> <span class='ocrx_word' id='word_1_90' title='bbox 2086 1835 2184 1920; x_wconf 74' lang='lat' dir='ltr'><strong>face</strong></span> 
     </span>
     <span class='ocr_line' id='line_1_11' title="bbox 403 1953 2184 2088; baseline 0.007 -43"><span class='ocrx_word' id='word_1_91' title='bbox 403 2060 413 2072; x_wconf 37' lang='lat'><strong>,</strong></span> <span class='ocrx_word' id='word_1_92' title='bbox 517 1995 561 2047; x_wconf 90' lang='lat' dir='ltr'><strong>re</strong></span> <span class='ocrx_word' id='word_1_93' title='bbox 588 1953 824 2072; x_wconf 84' lang='lat' dir='ltr'><strong>videantur,</strong></span> <span class='ocrx_word' id='word_1_94' title='bbox 853 1999 924 2056; x_wconf 89' lang='lat' dir='ltr'><strong>nos</strong></span> <span class='ocrx_word' id='word_1_95' title='bbox 953 2005 1115 2088; x_wconf 92' lang='lat' dir='ltr'><strong>quoque</strong></span> <span class='ocrx_word' id='word_1_96' title='bbox 1143 1973 1346 2062; x_wconf 89' lang='lat' dir='ltr'><strong>addamus.</strong></span> <span class='ocrx_word' id='word_1_97' title='bbox 1378 1973 1434 2057; x_wconf 89' lang='lat' dir='ltr'><strong>Et</strong></span> <span class='ocrx_word' id='word_1_98' title='bbox 1462 1979 1640 2084; x_wconf 83' lang='lat' dir='ltr'><strong>primum</strong></span> <span class='ocrx_word' id='word_1_99' title='bbox 1679 1973 1730 2060; x_wconf 90' lang='lat' dir='ltr'><strong>de</strong></span> <span class='ocrx_word' id='word_1_100' title='bbox 1759 1975 1955 2060; x_wconf 79' lang='lat' dir='ltr'><strong>Ecclesiae</strong></span> <span class='ocrx_word' id='word_1_101' title='bbox 1983 1979 2184 2060; x_wconf 83' lang='lat' dir='ltr'><strong>erectione.</strong></span> 
     </span>
    </p>

    <p class='ocr_par' dir='ltr' id='par_1_3' title="bbox 509 2105 2189 4390">
     <span class='ocr_line' id='line_1_12' title="bbox 633 2105 2189 2230; baseline 0.007 -43"><span class='ocrx_word' id='word_1_102' title='bbox 633 2105 692 2188; x_wconf 86' lang='lat' dir='ltr'><strong>Ut</strong></span> <span class='ocrx_word' id='word_1_103' title='bbox 720 2107 981 2196; x_wconf 90' lang='lat' dir='ltr'><strong>Brundisinus</strong></span> <span class='ocrx_word' id='word_1_104' title='bbox 1009 2116 1151 2199; x_wconf 91' lang='lat' dir='ltr'><strong>Portus</strong></span> <span class='ocrx_word' id='word_1_105' title='bbox 1178 2115 1450 2203; x_wconf 89' lang='lat' dir='ltr'><strong>Romanorum</strong></span> <span class='ocrx_word' id='word_1_106' title='bbox 1481 2116 1727 2230; x_wconf 87' lang='lat' dir='ltr'><strong>temporibus</strong></span> <span class='ocrx_word' id='word_1_107' title='bbox 1757 2115 1809 2200; x_wconf 90' lang='lat' dir='ltr'><strong>ad</strong></span> <span class='ocrx_word' id='word_1_108' title='bbox 1839 2113 2113 2202; x_wconf 88' lang='lat' dir='ltr'><strong>traiiciendum</strong></span> <span class='ocrx_word' id='word_1_109' title='bbox 2147 2120 2189 2198; x_wconf 91' lang='lat' dir='ltr'><strong>in</strong></span> 
     </span>
     <span class='ocr_line' id='line_1_13' title="bbox 525 2244 2188 2368; baseline 0.008 -41"><span class='ocrx_word' id='word_1_110' title='bbox 525 2244 732 2328; x_wconf 87' lang='lat' dir='ltr'><strong>Graeciam</strong></span> <span class='ocrx_word' id='word_1_111' title='bbox 763 2271 800 2330; x_wconf 92' lang='lat' dir='ltr'><strong>et</strong></span> <span class='ocrx_word' id='word_1_112' title='bbox 821 2249 1023 2336; x_wconf 86' lang='lat' dir='ltr'><strong>Orientem</strong></span> <span class='ocrx_word' id='word_1_113' title='bbox 1053 2285 1174 2368; x_wconf 61' lang='lat' dir='ltr'><strong>Qum</strong></span> <span class='ocrx_word' id='word_1_114' title='bbox 1190 2264 1361 2342; x_wconf 83' lang='lat' dir='ltr'><strong>maxime</strong></span> <span class='ocrx_word' id='word_1_115' title='bbox 1383 2279 1629 2368; x_wconf 89' lang='lat' dir='ltr'><strong>opportunus</strong></span> <span class='ocrx_word' id='word_1_116' title='bbox 1650 2261 1756 2342; x_wconf 86' lang='lat' dir='ltr'><strong>risus</strong></span> <span class='ocrx_word' id='word_1_117' title='bbox 1786 2257 1884 2360; x_wconf 82' lang='lat' dir='ltr'><strong>suit,</strong></span> <span class='ocrx_word' id='word_1_118' title='bbox 1904 2263 1957 2342; x_wconf 87' lang='lat' dir='ltr'><strong>ita</strong></span> <span class='ocrx_word' id='word_1_119' title='bbox 1976 2277 2075 2360; x_wconf 90' lang='lat' dir='ltr'><strong>tum,</strong></span> <span class='ocrx_word' id='word_1_120' title='bbox 2090 2287 2188 2342; x_wconf 90' lang='lat' dir='ltr'><strong>cnm</strong></span> 
     </span>
     <span class='ocr_line' id='line_1_14' title="bbox 529 2383 2186 2512; baseline 0.012 -49"><span class='ocrx_word' id='word_1_121' title='bbox 529 2383 769 2492; x_wconf 88' lang='lat' dir='ltr'><strong>proclamata</strong></span> <span class='ocrx_word' id='word_1_122' title='bbox 806 2387 1176 2504; x_wconf 81' lang='lat' dir='ltr'><strong>Crucesignatorum</strong></span> <span class='ocrx_word' id='word_1_123' title='bbox 1213 2393 1411 2508; x_wconf 84' lang='lat' dir='ltr'><strong>expeditio</strong></span> <span class='ocrx_word' id='word_1_124' title='bbox 1449 2424 1553 2478; x_wconf 89' lang='lat' dir='ltr'><strong>sacra</strong></span> <span class='ocrx_word' id='word_1_125' title='bbox 1590 2394 1695 2500; x_wconf 80' lang='lat' dir='ltr'><strong>suit,</strong></span> <span class='ocrx_word' id='word_1_126' title='bbox 1735 2417 1775 2480; x_wconf 89' lang='lat' dir='ltr'><strong>et</strong></span> <span class='ocrx_word' id='word_1_127' title='bbox 1803 2393 2064 2494; x_wconf 83' lang='lat' dir='ltr'><strong>Brundisinus</strong></span> <span class='ocrx_word' id='word_1_128' title='bbox 2101 2404 2186 2512; x_wconf 89' lang='lat' dir='ltr'><strong>ipse</strong></span> 
     </span>
     <span class='ocr_line' id='line_1_15' title="bbox 519 2524 2184 2648; baseline 0.014 -47"><span class='ocrx_word' id='word_1_129' title='bbox 519 2541 657 2630; x_wconf 89' lang='lat' dir='ltr'><strong>portus</strong></span> <span class='ocrx_word' id='word_1_130' title='bbox 679 2546 691 2624; x_wconf 67' lang='lat'><strong>,¹</strong></span> <span class='ocrx_word' id='word_1_131' title='bbox 717 2543 757 2606; x_wconf 87' lang='lat' dir='ltr'><strong>et</strong></span> <span class='ocrx_word' id='word_1_132' title='bbox 786 2524 1069 2634; x_wconf 89' lang='lat' dir='ltr'><strong>Hydruntinus</strong></span> <span class='ocrx_word' id='word_1_133' title='bbox 1097 2553 1137 2615; x_wconf 89' lang='lat' dir='ltr'><strong>et</strong></span> <span class='ocrx_word' id='word_1_134' title='bbox 1164 2535 1424 2634; x_wconf 88' lang='lat' dir='ltr'><strong>Tarentinus,</strong></span> <span class='ocrx_word' id='word_1_135' title='bbox 1452 2534 1576 2618; x_wconf 87' lang='lat' dir='ltr'><strong>etalii</strong></span> <span class='ocrx_word' id='word_1_136' title='bbox 1595 2565 1776 2648; x_wconf 87' lang='lat' dir='ltr'><strong>quoque,</strong></span> <span class='ocrx_word' id='word_1_137' title='bbox 1796 2539 1867 2647; x_wconf 91' lang='lat' dir='ltr'><strong>qni</strong></span> <span class='ocrx_word' id='word_1_138' title='bbox 1889 2565 1958 2648; x_wconf 89' lang='lat' dir='ltr'><strong>per</strong></span> <span class='ocrx_word' id='word_1_139' title='bbox 1977 2537 2184 2624; x_wconf 84' lang='lat' dir='ltr'><strong>Peucetiae</strong></span> 
     </span>
     <span class='ocr_line' id='line_1_16' title="bbox 514 2667 2183 2786; baseline 0.013 -43"><span class='ocrx_word' id='word_1_140' title='bbox 514 2667 755 2746; x_wconf 85' lang='lat' dir='ltr'><strong>maritimam</strong></span> <span class='ocrx_word' id='word_1_141' title='bbox 784 2695 894 2750; x_wconf 87' lang='lat' dir='ltr'><strong>oram</strong></span> <span class='ocrx_word' id='word_1_142' title='bbox 925 2691 1064 2780; x_wconf 88' lang='lat' dir='ltr'><strong>portus</strong></span> <span class='ocrx_word' id='word_1_143' title='bbox 1091 2697 1194 2778; x_wconf 89' lang='lat' dir='ltr'><strong>sunt,</strong></span> <span class='ocrx_word' id='word_1_144' title='bbox 1214 2703 1336 2786; x_wconf 86' lang='lat' dir='ltr'><strong>qnam</strong></span> <span class='ocrx_word' id='word_1_145' title='bbox 1350 2671 1661 2758; x_wconf 87' lang='lat' dir='ltr'><strong>commodissimi</strong></span> <span class='ocrx_word' id='word_1_146' title='bbox 1689 2675 1811 2760; x_wconf 88' lang='lat' dir='ltr'><strong>habiti</strong></span> <span class='ocrx_word' id='word_1_147' title='bbox 1841 2677 2003 2762; x_wconf 77' lang='lat' dir='ltr'><strong>fuerunt</strong></span> <span class='ocrx_word' id='word_1_148' title='bbox 2025 2678 2087 2764; x_wconf 82' lang='lat' dir='ltr'><strong>ad</strong></span> <span class='ocrx_word' id='word_1_149' title='bbox 2116 2711 2183 2765; x_wconf 90' lang='lat' dir='ltr'><strong>na-</strong></span> 
     </span>
     <span class='ocr_line' id='line_1_17' title="bbox 514 2800 2183 2935; baseline 0.014 -54"><span class='ocrx_word' id='word_1_150' title='bbox 514 2800 732 2915; x_wconf 86' lang='lat' dir='ltr'><strong>vigandum</strong></span> <span class='ocrx_word' id='word_1_151' title='bbox 761 2809 802 2889; x_wconf 94' lang='lat' dir='ltr'><strong>in</strong></span> <span class='ocrx_word' id='word_1_152' title='bbox 827 2805 1044 2892; x_wconf 60' lang='lat' dir='ltr'><strong>vGraeciam</strong></span> <span class='ocrx_word' id='word_1_153' title='bbox 1073 2833 1113 2894; x_wconf 86' lang='lat' dir='ltr'><strong>et</strong></span> <span class='ocrx_word' id='word_1_154' title='bbox 1141 2812 1331 2922; x_wconf 89' lang='lat' dir='ltr'><strong>Syriam,</strong></span> <span class='ocrx_word' id='word_1_155' title='bbox 1363 2811 1482 2894; x_wconf 88' lang='lat' dir='ltr'><strong>etad</strong></span> <span class='ocrx_word' id='word_1_156' title='bbox 1510 2801 1763 2900; x_wconf 84' lang='lat' dir='ltr'><strong>redeuntium</strong></span> <span class='ocrx_word' id='word_1_157' title='bbox 1801 2817 1879 2900; x_wconf 89' lang='lat' dir='ltr'><strong>illis</strong></span> <span class='ocrx_word' id='word_1_158' title='bbox 1906 2849 1928 2902; x_wconf 88' lang='lat' dir='ltr'><strong>e</strong></span> <span class='ocrx_word' id='word_1_159' title='bbox 1957 2821 2183 2935; x_wconf 83' lang='lat' dir='ltr'><strong>regionibus</strong></span> 
     </span>
     <span class='ocr_line' id='line_1_18' title="bbox 509 2937 2179 3078; baseline 0.014 -57"><span class='ocrx_word' id='word_1_160' title='bbox 509 2937 566 3022; x_wconf 85' lang='lat' dir='ltr'><strong>nd</strong></span> <span class='ocrx_word' id='word_1_161' title='bbox 596 2942 724 3026; x_wconf 91' lang='lat' dir='ltr'><strong>Patria</strong></span> <span class='ocrx_word' id='word_1_162' title='bbox 755 2945 868 3030; x_wconf 89' lang='lat' dir='ltr'><strong>litora</strong></span> <span class='ocrx_word' id='word_1_163' title='bbox 896 2951 1111 3061; x_wconf 89' lang='lat' dir='ltr'><strong>appulsum</strong></span> <span class='ocrx_word' id='word_1_164' title='bbox 1139 2956 1339 3065; x_wconf 86' lang='lat' dir='ltr'><strong>aptissimi.</strong></span> <span class='ocrx_word' id='word_1_165' title='bbox 1368 2955 1474 3040; x_wconf 89' lang='lat' dir='ltr'><strong>Hinc</strong></span> <span class='ocrx_word' id='word_1_166' title='bbox 1502 2959 1600 3038; x_wconf 90' lang='lat' dir='ltr'><strong>mira</strong></span> <span class='ocrx_word' id='word_1_167' title='bbox 1629 2987 1700 3068; x_wconf 91' lang='lat' dir='ltr'><strong>per</strong></span> <span class='ocrx_word' id='word_1_168' title='bbox 1729 2979 1888 3051; x_wconf 67' lang='lat' dir='ltr'><strong>nostras,</strong></span> <span class='ocrx_word' id='word_1_169' title='bbox 1907 2960 1973 3050; x_wconf 82' lang='lat' dir='ltr'><strong>lta‘s</strong></span> <span class='ocrx_word' id='word_1_170' title='bbox 1987 2964 2179 3078; x_wconf 79' lang='lat' dir='ltr'><strong>&#39;regiones</strong></span> 
     </span>
     <span class='ocr_line' id='line_1_19' title="bbox 513 3080 2180 3210; baseline 0.014 -48"><span class='ocrx_word' id='word_1_171' title='bbox 513 3080 694 3196; x_wconf 87' lang='lat' dir='ltr'><strong>undique</strong></span> <span class='ocrx_word' id='word_1_172' title='bbox 722 3087 1008 3174; x_wconf 84' lang='lat' dir='ltr'><strong>confluentium</strong></span> <span class='ocrx_word' id='word_1_173' title='bbox 1037 3090 1407 3210; x_wconf 87' lang='lat' dir='ltr'><strong>Crucesignatorum</strong></span> <span class='ocrx_word' id='word_1_174' title='bbox 1435 3093 1684 3199; x_wconf 89' lang='lat' dir='ltr'><strong>multitudo,</strong></span> <span class='ocrx_word' id='word_1_175' title='bbox 1725 3109 1771 3178; x_wconf 86' lang='lat' dir='ltr'><strong>ut</strong></span> <span class='ocrx_word' id='word_1_176' title='bbox 1800 3127 1862 3184; x_wconf 77' lang='lat' dir='ltr'><strong>ex,</strong></span> <span class='ocrx_word' id='word_1_177' title='bbox 1890 3125 2017 3184; x_wconf 82' lang='lat' dir='ltr'><strong>sacrae</strong></span> <span class='ocrx_word' id='word_1_178' title='bbox 2059 3097 2180 3186; x_wconf 88' lang='lat' dir='ltr'><strong>huius</strong></span> 
     </span>
     <span class='ocr_line' id='line_1_20' title="bbox 519 3219 2180 3374; baseline 0.02 -73"><span class='ocrx_word' id='word_1_179' title='bbox 519 3219 779 3328; x_wconf 75' lang='lat' dir='ltr'><strong>expeditionis</strong></span> <span class='ocrx_word' id='word_1_180' title='bbox 807 3223 980 3312; x_wconf 87' lang='lat' dir='ltr'><strong>Historia</strong></span> <span class='ocrx_word' id='word_1_181' title='bbox 1007 3251 1122 3341; x_wconf 81' lang='lat' dir='ltr'><strong>patet</strong></span> <span class='ocrx_word' id='word_1_182' title='bbox 1153 3231 1382 3354; x_wconf 84' lang='lat' dir='ltr'><strong>Cogitatum</strong></span> <span class='ocrx_word' id='word_1_183' title='bbox 1398 3231 1502 3336; x_wconf 91' lang='lat' dir='ltr'><strong>inde,</strong></span> <span class='ocrx_word' id='word_1_184' title='bbox 1518 3254 1562 3316; x_wconf 89' lang='lat' dir='ltr'><strong>ut</strong></span> <span class='ocrx_word' id='word_1_185' title='bbox 1590 3233 1824 3319; x_wconf 89' lang='lat' dir='ltr'><strong>Nosocomia</strong></span> <span class='ocrx_word' id='word_1_186' title='bbox 1854 3241 2098 3374; x_wconf 81' lang='lat' dir='ltr'><strong>erigerentur</strong></span> <span class='ocrx_word' id='word_1_187' title='bbox 2126 3249 2180 3334; x_wconf 87' lang='lat' dir='ltr'><strong>ad</strong></span> 
     </span>
     <span class='ocr_line' id='line_1_21' title="bbox 515 3359 2175 3483; baseline 0.027 -49"><span class='ocrx_word' id='word_1_188' title='bbox 515 3359 760 3466; x_wconf 86' lang='lat' dir='ltr'><strong>recipiendos</strong></span> <span class='ocrx_word' id='word_1_189' title='bbox 788 3365 1060 3482; x_wconf 88' lang='lat' dir='ltr'><strong>curandosque</strong></span> <span class='ocrx_word' id='word_1_190' title='bbox 1088 3367 1279 3475; x_wconf 88' lang='lat' dir='ltr'><strong>infirmos,</strong></span> <span class='ocrx_word' id='word_1_191' title='bbox 1306 3377 1477 3458; x_wconf 82' lang='lat' dir='ltr'><strong>maxime</strong></span> <span class='ocrx_word' id='word_1_192' title='bbox 1514 3397 1647 3460; x_wconf 89' lang='lat' dir='ltr'><strong>autem</strong></span> <span class='ocrx_word' id='word_1_193' title='bbox 1675 3381 1850 3483; x_wconf 78' lang='lat' dir='ltr'><strong>saracios,</strong></span> <span class='ocrx_word' id='word_1_194' title='bbox 1887 3383 1950 3466; x_wconf 84' lang='lat' dir='ltr'><strong>vel</strong></span> <span class='ocrx_word' id='word_1_195' title='bbox 1987 3390 2028 3470; x_wconf 88' lang='lat' dir='ltr'><strong>in</strong></span> <span class='ocrx_word' id='word_1_196' title='bbox 2070 3390 2175 3480; x_wconf 91' lang='lat' dir='ltr'><strong>bello</strong></span> 
     </span>
     <span class='ocr_line' id='line_1_22' title="bbox 513 3495 2174 3636; baseline 0.025 -63"><span class='ocrx_word' id='word_1_197' title='bbox 513 3495 716 3582; x_wconf 88' lang='lat' dir='ltr'><strong>mutilatus</strong></span> <span class='ocrx_word' id='word_1_198' title='bbox 744 3499 981 3591; x_wconf 85' lang='lat' dir='ltr'><strong>Christianos</strong></span> <span class='ocrx_word' id='word_1_199' title='bbox 1011 3511 1155 3596; x_wconf 91' lang='lat' dir='ltr'><strong>milites</strong></span> <span class='ocrx_word' id='word_1_200' title='bbox 1183 3511 1235 3596; x_wconf 91' lang='lat' dir='ltr'><strong>ad</strong></span> <span class='ocrx_word' id='word_1_201' title='bbox 1263 3517 1420 3626; x_wconf 92' lang='lat' dir='ltr'><strong>propria</strong></span> <span class='ocrx_word' id='word_1_202' title='bbox 1451 3513 1666 3600; x_wconf 87' lang='lat' dir='ltr'><strong>redeuntes.</strong></span> <span class='ocrx_word' id='word_1_203' title='bbox 1696 3515 1746 3600; x_wconf 94' lang='lat' dir='ltr'><strong>Id</strong></span> <span class='ocrx_word' id='word_1_204' title='bbox 1784 3528 2015 3636; x_wconf 88' lang='lat' dir='ltr'><strong>praestitum</strong></span> <span class='ocrx_word' id='word_1_205' title='bbox 2045 3561 2067 3612; x_wconf 92' lang='lat' dir='ltr'><strong>a</strong></span> <span class='ocrx_word' id='word_1_206' title='bbox 2094 3529 2174 3614; x_wconf 89' lang='lat' dir='ltr'><strong>llo·</strong></span> 
     </span>
     <span class='ocr_line' id='line_1_23' title="bbox 515 3633 2179 3784; baseline 0.019 -61"><span class='ocrx_word' id='word_1_207' title='bbox 515 3633 626 3745; x_wconf 70' lang='lat' dir='ltr'><strong>gerlo</strong></span> <span class='ocrx_word' id='word_1_208' title='bbox 661 3635 884 3726; x_wconf 88' lang='lat' dir='ltr'><strong>Guiscardo</strong></span> <span class='ocrx_word' id='word_1_209' title='bbox 927 3645 1019 3760; x_wconf 83' lang='lat'><strong>(1),</strong></span> <span class='ocrx_word' id='word_1_210' title='bbox 1057 3651 1300 3764; x_wconf 86' lang='lat' dir='ltr'><strong>amplissimo</strong></span> <span class='ocrx_word' id='word_1_211' title='bbox 1346 3651 1550 3738; x_wconf 86' lang='lat' dir='ltr'><strong>aedificato</strong></span> <span class='ocrx_word' id='word_1_212' title='bbox 1588 3655 1828 3746; x_wconf 90' lang='lat' dir='ltr'><strong>Nosocomio</strong></span> <span class='ocrx_word' id='word_1_213' title='bbox 1871 3663 1971 3750; x_wconf 89' lang='lat' dir='ltr'><strong>duas</strong></span> <span class='ocrx_word' id='word_1_214' title='bbox 2007 3672 2047 3754; x_wconf 90' lang='lat' dir='ltr'><strong>in</strong></span> <span class='ocrx_word' id='word_1_215' title='bbox 2092 3699 2179 3784; x_wconf 83' lang='lat' dir='ltr'><strong>par·</strong></span> 
     </span>
     <span class='ocr_line' id='line_1_24' title="bbox 516 3777 2178 3908; baseline 0.029 -58"><span class='ocrx_word' id='word_1_216' title='bbox 516 3789 605 3872; x_wconf 88' lang='lat' dir='ltr'><strong>tes,</strong></span> <span class='ocrx_word' id='word_1_217' title='bbox 653 3778 736 3857; x_wconf 89' lang='lat' dir='ltr'><strong>sive</strong></span> <span class='ocrx_word' id='word_1_218' title='bbox 773 3777 871 3883; x_wconf 88' lang='lat' dir='ltr'><strong>alas,</strong></span> <span class='ocrx_word' id='word_1_219' title='bbox 908 3782 1120 3874; x_wconf 89' lang='lat' dir='ltr'><strong>distributo</strong></span> <span class='ocrx_word' id='word_1_220' title='bbox 1149 3789 1200 3874; x_wconf 87' lang='lat' dir='ltr'><strong>ad</strong></span> <span class='ocrx_word' id='word_1_221' title='bbox 1239 3790 1457 3877; x_wconf 87' lang='lat' dir='ltr'><strong>dimidium</strong></span> <span class='ocrx_word' id='word_1_222' title='bbox 1496 3794 1764 3908; x_wconf 86' lang='lat' dir='ltr'><strong>ablelphicto</strong></span> <span class='ocrx_word' id='word_1_223' title='bbox 1801 3804 2031 3892; x_wconf 89' lang='lat' dir='ltr'><strong>milliarium</strong></span> <span class='ocrx_word' id='word_1_224' title='bbox 2069 3816 2178 3898; x_wconf 84' lang='lat' dir='ltr'><strong>iuxta</strong></span> 
     </span>
     <span class='ocr_line' id='line_1_25' title="bbox 509 3911 2176 4042; baseline 0.026 -48"><span class='ocrx_word' id='word_1_225' title='bbox 509 3911 607 3994; x_wconf 87' lang='lat' dir='ltr'><strong>litus</strong></span> <span class='ocrx_word' id='word_1_226' title='bbox 644 3916 771 3999; x_wconf 85' lang='lat' dir='ltr'><strong>maris</strong></span> <span class='ocrx_word' id='word_1_227' title='bbox 802 3917 923 4031; x_wconf 88' lang='lat' dir='ltr'><strong>Quod</strong></span> <span class='ocrx_word' id='word_1_228' title='bbox 961 3953 1056 4008; x_wconf 91' lang='lat' dir='ltr'><strong>vero</strong></span> <span class='ocrx_word' id='word_1_229' title='bbox 1094 3927 1157 4013; x_wconf 88' lang='lat' dir='ltr'><strong>hie</strong></span> <span class='ocrx_word' id='word_1_230' title='bbox 1196 3936 1447 4042; x_wconf 88' lang='lat' dir='ltr'><strong>potissimum</strong></span> <span class='ocrx_word' id='word_1_231' title='bbox 1495 3937 1640 4021; x_wconf 88' lang='lat' dir='ltr'><strong>electus</strong></span> <span class='ocrx_word' id='word_1_232' title='bbox 1680 3935 1909 4028; x_wconf 86' lang='lat' dir='ltr'><strong>Nosocomii</strong></span> <span class='ocrx_word' id='word_1_233' title='bbox 1947 3945 2056 4033; x_wconf 89' lang='lat' dir='ltr'><strong>locus</strong></span> <span class='ocrx_word' id='word_1_234' title='bbox 2091 3950 2176 4038; x_wconf 87' lang='lat' dir='ltr'><strong>fue·</strong></span> 
     </span>
     <span class='ocr_line' id='line_1_26' title="bbox 509 4051 2176 4205; baseline 0.024 -70"><span class='ocrx_word' id='word_1_235' title='bbox 509 4055 592 4157; x_wconf 91' lang='lat' dir='ltr'><strong>rit,</strong></span> <span class='ocrx_word' id='word_1_236' title='bbox 628 4051 729 4136; x_wconf 90' lang='lat' dir='ltr'><strong>illud</strong></span> <span class='ocrx_word' id='word_1_237' title='bbox 773 4055 933 4144; x_wconf 86' lang='lat' dir='ltr'><strong>fortasse</strong></span> <span class='ocrx_word' id='word_1_238' title='bbox 975 4065 1016 4150; x_wconf 89' lang='lat' dir='ltr'><strong>in</strong></span> <span class='ocrx_word' id='word_1_239' title='bbox 1055 4094 1169 4151; x_wconf 77' lang='lat' dir='ltr'><strong>cattsa</strong></span> <span class='ocrx_word' id='word_1_240' title='bbox 1206 4069 1326 4156; x_wconf 86' lang='lat' dir='ltr'><strong>fuisse</strong></span> <span class='ocrx_word' id='word_1_241' title='bbox 1353 4069 1544 4182; x_wconf 90' lang='lat' dir='ltr'><strong>videtur,</strong></span> <span class='ocrx_word' id='word_1_242' title='bbox 1572 4081 1684 4196; x_wconf 90' lang='lat' dir='ltr'><strong>quod</strong></span> <span class='ocrx_word' id='word_1_243' title='bbox 1713 4083 1765 4168; x_wconf 90' lang='lat' dir='ltr'><strong>ad</strong></span> <span class='ocrx_word' id='word_1_244' title='bbox 1805 4082 1899 4168; x_wconf 92' lang='lat' dir='ltr'><strong>litus</strong></span> <span class='ocrx_word' id='word_1_245' title='bbox 1927 4091 2046 4172; x_wconf 85' lang='lat' dir='ltr'><strong>maris</strong></span> <span class='ocrx_word' id='word_1_246' title='bbox 2075 4103 2176 4205; x_wconf 77' lang='lat' dir='ltr'><strong>posi-</strong></span> 
     </span>
     <span class='ocr_line' id='line_1_27' title="bbox 525 4273 2171 4346; baseline 0.024 -60"><span class='ocrx_word' id='word_1_247' title='bbox 525 4273 2171 4346; x_wconf 76' lang='lat'><em>···-····---———--—---.-...</em></span> 
     </span>
    </p>

    <p class='ocr_par' dir='ltr' id='par_1_4' title="bbox 609 4415 2173 4534">
     <span class='ocr_line' id='line_1_28' title="bbox 609 4415 2173 4534; baseline 0.03 -47"><span class='ocrx_word' id='word_1_248' title='bbox 609 4415 666 4514; x_wconf 88' lang='lat'><strong>(1)</strong></span> <span class='ocrx_word' id='word_1_249' title='bbox 693 4419 751 4490; x_wconf 92' lang='lat' dir='ltr'><strong>Sic</strong></span> <span class='ocrx_word' id='word_1_250' title='bbox 776 4422 979 4521; x_wconf 85' lang='lat' dir='ltr'><strong>Damianos,</strong></span> <span class='ocrx_word' id='word_1_251' title='bbox 1007 4427 1248 4530; x_wconf 74' lang='lat' dir='ltr'><strong>lombardus,</strong></span> <span class='ocrx_word' id='word_1_252' title='bbox 1284 4449 1316 4508; x_wconf 85' lang='lat' dir='ltr'><strong>et</strong></span> <span class='ocrx_word' id='word_1_253' title='bbox 1340 4438 1478 4515; x_wconf 89' lang='lat' dir='ltr'><strong>Bovius.</strong></span> <span class='ocrx_word' id='word_1_254' title='bbox 1508 4441 1740 4521; x_wconf 81' lang='lat' dir='ltr'><strong>Boamundum</strong></span> <span class='ocrx_word' id='word_1_255' title='bbox 1765 4477 1845 4524; x_wconf 87' lang='lat' dir='ltr'><strong>vero</strong></span> <span class='ocrx_word' id='word_1_256' title='bbox 1871 4451 1952 4528; x_wconf 91' lang='lat' dir='ltr'><strong>illud</strong></span> <span class='ocrx_word' id='word_1_257' title='bbox 1988 4457 2173 4534; x_wconf 86' lang='lat' dir='ltr'><strong>aedificasse</strong></span> 
     </span>
    </p>
   </div>
   <div class='ocr_carea' id='block_1_2' title="bbox 507 4539 2173 4817">
    <p class='ocr_par' dir='ltr' id='par_1_5' title="bbox 507 4539 2173 4817">
     <span class='ocr_line' id='line_1_29' title="bbox 507 4539 2173 4686; baseline 0.031 -77"><span class='ocrx_word' id='word_1_258' title='bbox 507 4539 697 4618; x_wconf 85' lang='lat' dir='ltr'><strong>adllrrnavit</strong></span> <span class='ocrx_word' id='word_1_259' title='bbox 727 4547 866 4644; x_wconf 90' lang='lat' dir='ltr'><strong>quadam</strong></span> <span class='ocrx_word' id='word_1_260' title='bbox 903 4553 949 4626; x_wconf 84' lang='lat' dir='ltr'><strong>in&#39;</strong></span> <span class='ocrx_word' id='word_1_261' title='bbox 970 4553 1083 4630; x_wconf 86' lang='lat' dir='ltr'><strong>notula</strong></span> <span class='ocrx_word' id='word_1_262' title='bbox 1117 4580 1230 4635; x_wconf 84' lang='lat' dir='ltr'><strong>rernm</strong></span> <span class='ocrx_word' id='word_1_263' title='bbox 1254 4561 1538 4662; x_wconf 90' lang='lat' dir='ltr'><strong>Melphictensium</strong></span> <span class='ocrx_word' id='word_1_264' title='bbox 1564 4569 1788 4647; x_wconf 83' lang='lat' dir='ltr'><strong>solertissimus</strong></span> <span class='ocrx_word' id='word_1_265' title='bbox 1825 4583 2030 4681; x_wconf 85' lang='lat' dir='ltr'><strong>conquisitor</strong></span> <span class='ocrx_word' id='word_1_266' title='bbox 2062 4585 2173 4686; x_wconf 84' lang='lat' dir='ltr'><strong>Cyrus</strong></span> 
     </span>
     <span class='ocr_line' id='line_1_30' title="bbox 507 4665 2171 4817; baseline 0.032 -80"><span class='ocrx_word' id='word_1_267' title='bbox 507 4665 674 4742; x_wconf 79' lang='lat' dir='ltr'><strong>Xaverius</strong></span> <span class='ocrx_word' id='word_1_268' title='bbox 698 4673 930 4748; x_wconf 83' lang='lat' dir='ltr'><strong>Minervinius.</strong></span> <span class='ocrx_word' id='word_1_269' title='bbox 959 4679 1041 4754; x_wconf 89' lang='lat' dir='ltr'><strong>Eius</strong></span> <span class='ocrx_word' id='word_1_270' title='bbox 1065 4681 1205 4761; x_wconf 89' lang='lat' dir='ltr'><strong>libenter</strong></span> <span class='ocrx_word' id='word_1_271' title='bbox 1229 4694 1403 4766; x_wconf 87' lang='lat' dir='ltr'><strong>sententiae</strong></span> <span class='ocrx_word' id='word_1_272' title='bbox 1437 4693 1701 4798; x_wconf 86' lang='lat' dir='ltr'><strong>subscribimus,</strong></span> <span class='ocrx_word' id='word_1_273' title='bbox 1728 4703 1795 4778; x_wconf 86' lang='lat' dir='ltr'><strong>vel·</strong></span> <span class='ocrx_word' id='word_1_274' title='bbox 1816 4731 1858 4780; x_wconf 84' lang='lat' dir='ltr'><strong>ex</strong></span> <span class='ocrx_word' id='word_1_275' title='bbox 1883 4733 1923 4782; x_wconf 92' lang='lat' dir='ltr'><strong>eo</strong></span> <span class='ocrx_word' id='word_1_276' title='bbox 1955 4711 2052 4786; x_wconf 87' lang='lat' dir='ltr'><strong>etiam</strong></span> <span class='ocrx_word' id='word_1_277' title='bbox 2083 4717 2171 4817; x_wconf 90' lang='lat' dir='ltr'><strong>quod</strong></span> 
     </span>
    </p>
   </div>
   <div class='ocr_carea' id='block_1_3' title="bbox 504 4801 2171 5050">
    <p class='ocr_par' dir='ltr' id='par_1_6' title="bbox 504 4801 2171 5050">
     <span class='ocr_line' id='line_1_31' title="bbox 506 4801 2171 4924; baseline 0.033 -60"><span class='ocrx_word' id='word_1_278' title='bbox 506 4807 584 4868; x_wconf 89' lang='lat' dir='ltr'><strong>tunc</strong></span> <span class='ocrx_word' id='word_1_279' title='bbox 610 4801 768 4897; x_wconf 89' lang='lat' dir='ltr'><strong>temporis</strong></span> <span class='ocrx_word' id='word_1_280' title='bbox 793 4801 998 4900; x_wconf 85' lang='lat' dir='ltr'><strong>lllelpbicti,</strong></span> <span class='ocrx_word' id='word_1_281' title='bbox 1026 4823 1062 4880; x_wconf 92' lang='lat' dir='ltr'><strong>ut</strong></span> <span class='ocrx_word' id='word_1_282' title='bbox 1088 4826 1120 4885; x_wconf 90' lang='lat' dir='ltr'><strong>et</strong></span> <span class='ocrx_word' id='word_1_283' title='bbox 1144 4814 1263 4908; x_wconf 89' lang='lat' dir='ltr'><strong>Barii,</strong></span> <span class='ocrx_word' id='word_1_284' title='bbox 1304 4820 1587 4924; x_wconf 85' lang='lat' dir='ltr'><strong>finitimarumque</strong></span> <span class='ocrx_word' id='word_1_285' title='bbox 1611 4827 1793 4907; x_wconf 82' lang='lat' dir='ltr'><strong>Civitatem</strong></span> <span class='ocrx_word' id='word_1_286' title='bbox 1826 4833 2058 4915; x_wconf 88' lang='lat' dir='ltr'><strong>dominabatur</strong></span> <span class='ocrx_word' id='word_1_287' title='bbox 2082 4843 2171 4916; x_wconf 89' lang='lat' dir='ltr'><strong>Boa-</strong></span> 
     </span>
     <span class='ocr_line' id='line_1_32' title="bbox 504 4924 1959 5050; baseline 0.026 -52"><span class='ocrx_word' id='word_1_288' title='bbox 504 4924 660 4999; x_wconf 90' lang='lat' dir='ltr'><strong>mundus.</strong></span> <span class='ocrx_word' id='word_1_289' title='bbox 677 4927 793 5018; x_wconf 72' lang='lat' dir='ltr'><strong>Quod</strong></span> <span class='ocrx_word' id='word_1_290' title='bbox 818 4955 895 5004; x_wconf 86' lang='lat' dir='ltr'><strong>vem</strong></span> <span class='ocrx_word' id='word_1_291' title='bbox 920 4934 988 5008; x_wconf 88' lang='lat' dir='ltr'><strong>eius</strong></span> <span class='ocrx_word' id='word_1_292' title='bbox 1014 4937 1129 5012; x_wconf 84' lang='lat' dir='ltr'><strong>ardeus</strong></span> <span class='ocrx_word' id='word_1_293' title='bbox 1154 4939 1232 5015; x_wconf 90' lang='lat' dir='ltr'><strong>belli</strong></span> <span class='ocrx_word' id='word_1_294' title='bbox 1256 4947 1339 5018; x_wconf 89' lang='lat' dir='ltr'><strong>sacri</strong></span> <span class='ocrx_word' id='word_1_295' title='bbox 1363 4943 1461 5022; x_wconf 87' lang='lat' dir='ltr'><strong>suerit</strong></span> <span class='ocrx_word' id='word_1_296' title='bbox 1484 4949 1657 5050; x_wconf 88' lang='lat' dir='ltr'><strong>studium,</strong></span> <span class='ocrx_word' id='word_1_297' title='bbox 1684 4979 1802 5032; x_wconf 87' lang='lat' dir='ltr'><strong>omnes</strong></span> <span class='ocrx_word' id='word_1_298' title='bbox 1826 4976 1959 5036; x_wconf 89' lang='lat' dir='ltr'><strong>norunt.</strong></span> 
     </span>
    </p>
   </div>
   <div class='ocr_carea' id='block_1_4' title="bbox 0 0 2462 6610">
    <p class='ocr_par' dir='ltr' id='par_1_7' title="bbox 0 0 2462 6610">
     <span class='ocr_line' id='line_1_33' title="bbox 0 0 2462 6610; baseline 0 8"><span class='ocrx_word' id='word_1_299' title='bbox 0 0 2462 6610; x_wconf 95' lang='lat' dir='ltr'><strong> </strong></span> 
     </span>
    </p>
   </div>
  </div>
 </body>
</html>
