4914 6610
1203 612 1220 726 I
1256 609 1378 724 166)

458 785 623 876 resimili
651 790 770 872 etiam
799 783 941 873 distare
969 779 1143 881 videtur,
1161 775 1274 894 quod
1307 775 1599 866 Illustrissimus
1625 785 1791 875 Tartaru
1810 781 1989 874 adserere
2015 785 2121 880 harad

452 928 664 1033 dubitavit,
693 927 907 1028 Sabinum,
936 954 1030 1008 cum
1059 917 1190 1006 adhuc
1219 915 1344 1016 laicus
1373 919 1515 1028 homo,
1543 941 1584 1014 et,
1610 919 1834 1014 adolescens
1853 949 1974 1030 esset,
2000 926 2116 1014 Gela·

457 1077 560 1154 sium
588 1072 631 1166 in
660 1067 848 1182 Apuliam
878 1065 1085 1156 advocasse
1115 1081 1155 1146 et
1183 1059 1334 1170 laicum
1380 1106 1544 1198 quoque
1586 1071 1823 1160 dedicationi
1854 1067 2054 1154 Ecclesiae
2086 1069 2123 1160 S,

455 1207 658 1300 Michaelis
686 1207 868 1294 adfirisse.
897 1207 964 1298 Ad
992 1215 1084 1302 inec
1112 1233 1244 1320 autern
1274 1223 1447 1315 doctum
1481 1221 1619 1310 virum
1664 1209 1875 1330 confugere
1920 1212 2122 1320 oportuit,

451 1378 497 1438 nt
526 1333 687 1452 obiectis
716 1383 738 1436 a
767 1350 1025 1440 Bollandiano
1054 1361 1247 1472 scriptore
1270 1366 1422 1479 aliquo
1460 1358 1584 1446 modo
1621 1353 1864 1476 satisfaceret.
1894 1351 1973 1446 Hic
2010 1353 2119 1449 enim

460 1528 588 1584 unum
613 1516 652 1582 et
667 1494 835 1583 alterum
854 1492 972 1583 fuisse
990 1495 1186 1590 Canusina
1205 1507 1246 1588 in
1265 1505 1439 1593 Ecclesia
1457 1501 1650 1595 Sabinum
1668 1501 1884 1610 suspicatus
1912 1513 2005 1578 erat.
2079 1556 2082 1567 ,

463 1705 466 1712 ,
558 1637 748 1722 Ceterum
777 1637 898 1726 nullis
930 1669 952 1722 e
980 1650 1250 1731 monumentis
1282 1645 1524 1743 Barchiauis
1552 1645 1638 1740 erui
1668 1660 1796 1751 potest
1817 1629 1944 1721 'fuisse
1977 1633 2122 1734 Barrdi

446 1776 665 1862 Ecclesiam
692 1776 729 1858 S.
758 1775 937 1865 Andreae
970 1803 1060 1882 ante
1102 1788 1306 1873 saeculnm
1333 1785 1448 1870 XIII.
1479 1781 1528 1871 Id
1568 1779 1785 1866 didicimus
1823 1807 1871 1860 ex
1901 1775 1994 1869 Mss,
2027 1773 2115 1858 Dis·¹

444 1922 649 2010 sertatione
686 1916 903 2007 doctissimi
939 1923 1016 2006 viri
1047 1924 1098 2014 Id.
1128 1925 1287 2040 Irrseplu'
1304 1917 1482 2016 'Mutae
1512 1905 1927 2035 hispidae-Ordinis
1960 1913 2119 2000 Praedia

446 2076 624 2140 catorum
652 2056 751 2170 olim
788 2056 992 2172 Magistri,
1021 2093 1145 2175 quam
1182 2066 1418 2156 clarissimus
1456 2069 1540 2148 eius
1575 2093 1624 2148 ex
1652 2061 1770 2146 lintre
1800 2059 1934 2173 Nepos
1967 2061 2019 2146 D
2057 2060 2117 2144 Im
2168 2174 2172 2180 ι

446 2198 592 2306 seplrns
620 2193 822 2292 Riuulclus
852 2199 1075 2311 Elephantis
1105 2205 1220 2292 nobis
1250 2209 1565 2304 communicavit
1595 2202 1692 2286 Erat
1711 2197 1878 2316 quidem
1894 2200 2110 2310 antiquitus

445 2337 482 2426 S.
509 2333 692 2419 Andreae
720 2338 880 2431 nomine
909 2337 1088 2432 dedicata
1115 2342 1288 2439 Ecclesia
1318 2371 1425 2432 extra
1456 2374 1591 2442 muros
1611 2327 1744 2430 Baruli
1775 2343 1848 2458 (r),
1880 2341 1950 2440 sed
1969 2342 2019 2426 ab
2050 2335 2116 2436 lior

447 2477 623 2560 minibus
652 2479 818 2560 civitatis
847 2500 937 2588 post
966 2481 1211 2571 Franciscani
1239 2489 1389 2573 ordinis
1408 2490 1722 2588 institutionem,
1751 2506 1789 2568 et
1818 2514 1892 2597 pro
1942 2479 2121 2580 eiusdem

447 2619 596 2706 ordinis
623 2618 795 2704 alumnis
823 2617 1035 2731 aedificata
1066 2625 1137 2714 hac
1164 2654 1259 2714 vero
1287 2625 1441 2727 diruta,
1465 2624 1526 2739 (2)
1547 2655 1647 2711 nova
1667 2625 1702 2724 S,
1730 2626 1910 2732 Andreae
1944 2626 2117 2732 Ecclesia

442 2988 570 3086 polim,
597 2985 718 3058 autad
744 2985 821 3058 alias
846 2985 1076 3086 Campaniae,
1105 2991 1266 3088 Apuliae,
1294 2994 1521 3086 Bruttiorum,
1551 3009 1583 3067 et
1610 2993 1738 3066 Siciliae
1764 2993 1863 3066 urbes
1902 2993 2112 3092 perrexisse,

333 3177 336 3184 .
444 3111 501 3187 sed
525 3099 585 3212 per
610 3112 734 3186 litteras
761 3114 930 3188 mandasse
955 3115 1139 3214 Episcopis,
1153 3134 1188 3192 ut
1212 3147 1275 3196 eus
1291 3129 1431 3196 nomine
1457 3124 1563 3196 Sedis
1589 3123 1819 3221 Apostolicae
1846 3139 2114 3214 comemorans,

443 3227 585 3340 quodex
612 3237 768 3335 Epistolis
793 3239 828 3314 S.
846 3241 1031 3338 Gregorii,
1060 3245 1262 3321 Benedictini
1289 3251 1495 3334 adnotatores
1520 3229 1651 3350 quoque
1675 3247 1829 3346 probant.

546 3363 603 3460 (ι)
629 3364 737 3438 liuius
762 3363 925 3442 Ecclesiae
943 3382 974 3441 et
992 3365 1183 3444 Conventus
1207 3375 1366 3448 Fratrum
1393 3380 1517 3450 ruratio
1543 3374 1686 3447 habetur
1712 3371 1799 3471 apud
1824 3356 2043 3446 Doinirricum
2076 3373 2117 3460 de

440 3494 601 3584 Graviua,
617 3515 657 3561 ex
683 3496 777 3564 cuius
802 3497 988 3569 narratione
1013 3502 1131 3572 coniici
1161 3528 1254 3600 posse
1280 3503 1409 3576 videtur
1435 3503 1623 3576 Ecclesiam
1650 3502 1766 3596 illam,
1800 3529 1839 3576 eo
1866 3499 1956 3602 quod
1981 3499 2112 3578 aditura

443 3617 484 3690 ad
510 3617 642 3690 moenia
668 3615 931 3700 urbis'lrostibus
956 3613 1150 3720 praeberet,
1179 3629 1320 3705 dirutam
1346 3633 1452 3704 lirisse.
1878 3608 1881 3616 ⁴

538 3745 597 3846 (a)
623 3745 701 3835 Quo
726 3746 824 3820 hodic
848 3748 936 3844 loco,
949 3751 998 3822 vel
1019 3755 1043 3824 si
1072 3753 1189 3851 plauit,
1210 3757 1448 3858 aliqrurutulunr
1466 3787 1485 3828 u
1504 3760 1588 3828 llari
1615 3756 1830 3850 lougiusolior
1851 3756 2029 3830 Beretum
2049 3756 2118 3832 sive

440 3875 643 3956 Brundulum
670 3874 704 3951 iu
730 3873 929 3972 Pontiugerii
955 3876 1087 3951 Tabula
1111 3882 1247 3976 ponitur
1273 3885 1350 3956 VL-
1366 3884 1412 3958 ab
1445 3885 1581 3980 Aufida
1607 3883 1712 3982 lupide
1741 3881 1827 3954 VlII
1854 3910 1935 3958 vero
1968 3883 2114 3960 Tureuu

433 3999 602 4096 (I'rnui)
630 3999 740 4072 undio
749 4001 908 4096 sturninc
934 4003 1092 4082 Areldr'o.
1117 4007 1267 4084 Diximus
1291 4019 1323 4088 si
1343 4009 1468 4108 placet
1491 4013 1635 4112 longius
1653 4007 1781 4109 amati,
1797 4033 1837 4081 ex
1855 4035 1895 4084 co
1912 4009 2002 4114 quod
2020 4009 2117 4084 Guil·
2234 4031 2247 4050 “

439 4124 557 4199 Ielruus
583 4124 730 4224 Appulus
762 4127 886 4224 scripsit
916 4129 1064 4216 Petrum
1095 4135 1213 4209 Treui
1244 4142 1411 4212 cornicem
1438 4137 1618 4221 Batulum
1658 4145 1773 4221 aruris
1804 4142 2050 4243 oedificapissc
2074 4144 2116 4212 r'u

440 4257 524 4324 oris.
554 4249 726 4350 Quidquid
751 4281 830 4326 vero
856 4255 897 4338 de
921 4255 986 4330 hoc
1010 4260 1082 4350 sit,
1113 4262 1224 4332 mirari
1251 4277 1339 4336 certe
1365 4264 1477 4354 subit,
1506 4290 1644 4361 magnae
1670 4265 1774 4338 samse
1799 4271 1974 4364 scriptores
1997 4269 2114 4340 Buru-

442 4381 585 4455 Ir'tuuue
610 4377 704 4451 urbis
729 4406 849 4460 norircu
875 4383 1089 4482 elaguncula
1109 4387 1249 4484 (Italico
1274 4391 1500 4488 Burilettu),
1516 4419 1600 4492 quac
1625 4393 1794 4466 diversorii
1818 4393 1883 4467 illic
1908 4397 2118 4494 pasit,lquon·.

441 4505 519 4577 darn
544 4508 670 4604 signum
696 4521 790 4600 erat,
818 4514 978 4604 strrnsisse.
1010 4513 1091 4612 Non
1116 4542 1196 4590 vero
1231 4545 1399 4592 moremur
1424 4518 1502 4610 illud
1529 4520 1780 4616 Barisrctum,
1806 4523 1896 4624 qnod
1931 4549 1999 4606 uon
2033 4549 2113 4596 ceru-

443 4633 640 4706 ternnendus
675 4633 865 4732 ceteroquin
907 4639 1044 4735 scriptor
1074 4643 1258 4715 somniarit.
1283 4645 1423 4748 ‘Erravit
1462 4671 1595 4746 quoquc
1621 4647 1815 4722 Ferrarius
1848 4649 1879 4718 iu
1909 4649 1992 4722 Lex.
2023 4653 2113 4730 ttae

448 4755 564 4874 graph.
603 4759 763 4858 Barolum
799 4762 892 4855 idern
925 4789 965 4836 ac
1009 4765 1180 4860 Strabonis
1206 4769 1385 4862 Beretum
1405 4769 1617 4868 ndsrrrnavit.
1656 4772 1735 4866 Non
1762 4787 1892 4874 apparet
1912 4799 1992 4872 pero
2015 4831 2023 4868 ,
2050 4785 2132 4902 «pra
