4870 6630
1281 561 1298 676 l
1335 555 1453 676 ¹0⁰)

533 734 672 822 Credis
701 740 741 823 in
771 734 908 822 Deum
938 757 1091 852 patrem
1119 735 1434 846 omnipotentem
1466 746 1682 815 creatorem
1712 730 1785 818 celi
1814 752 1853 817 et
1881 749 1986 821 terre
2015 749 2057 814 τι
2087 763 2123 822 e.
2169 751 2212 812 τε

530 875 662 964 Credo
690 899 732 962 ε
762 875 950 976 Sacerdos
979 877 1077 963 dicit
1104 891 1147 954 Ξ
1171 873 1311 961 Credis
1360 875 1402 956 in
1444 867 1554 954 blm
1582 871 1705 984 Xp.¹¹¹¹²
1750 867 1884 958 filiurn
1911 878 1994 960 eius
2040 883 2210 970 unicum

531 1018 746 1104 dominum
775 1041 955 1105 nostrum
994 1039 1133 1104 natum
1172 1039 1212 1102 et
1254 1047 1414 1133 passum
1450 1052 1494 1118 a
1532 1060 1570 1118 ῃ.
1617 1011 1749 1098 Credo
1778 1053 1819 1112 :e
1861 1014 2016 1102 Iterum
2045 1017 2143 1108 dicit
2165 1055 2208 1118 ε

527 1161 668 1246 Credis
716 1167 760 1246 in
804 1166 990 1274 spiritum
1034 1180 1217 1246 sanctum
1258 1181 1432 1263 sanctam
1467 1155 1688 1242 Ecclesiam
1716 1153 1961 1244 Catlrolicam
1979 1187 2206 1252 sanctorum

525 1307 879 1408 communionem,
903 1304 1177 1388 remissionem
1205 1326 1458 1417 peccatorum
1485 1298 1610 1382 cornis
1637 1299 1963 1384 resurrectionem
2006 1306 2129 1388 vitam
2166 1337 2207 1392 e-

524 1467 686 1530 ternam.
715 1431 845 1531 Amen
873 1478 916 1543 :³
947 1469 982 1528 t.
1010 1466 1052 1530 :a
1076 1445 1209 1532 Credo
1227 1466 1269 1528 =
1290 1440 1478 1534 Sacerdos
1506 1438 1610 1529 dicat
1637 1465 1680 1532 τε
1714 1446 1775 1527 vis
1802 1444 1988 1557 baptizari
2017 1462 2060 1525 τε
2083 1468 2122 1530 et
2137 1452 2205 1532 tri·

525 1586 601 1672 bns
629 1587 783 1672 vicibus
811 1603 853 1668 τ.
879 1585 985 1671 Volo
1002 1611 1046 1670 ε
1071 1587 1261 1674 Sacerdos
1275 1586 1382 1675 dicat
1408 1613 1451 1682 ς..
1484 1585 1618 1672 Iohan.
1649 1617 1722 1706 ego
1752 1609 1790 1671 te
1816 1588 1975 1700 baptizo
2000 1592 2044 1674 in
2074 1593 2201 1676 nomi-

523 1757 574 1808 ne
586 1732 704 1840 patris
719 1753 758 1814 et
767 1727 841 1814 filii
856 1750 896 1813 et
904 1730 1064 1838 spiritus
1083 1726 1404 1815 sancolmenro
1419 1723 1567 1829 deinde
1582 1725 1696 1812 saciat
1709 1757 1868 1812 crucem
1888 1757 1984 1814 cum
1993 1726 2200 1817 chrismate

524 1867 566 1948 in
586 1872 773 1954 verticem
788 1869 946 1955 infantis
969 1893 1008 1954 et
1027 1870 1133 1956 dicat
1149 1895 1193 1956 :t
1207 1869 1291 1978 Qui
1306 1872 1507 1956 vocaris:
1522 1898 1557 1956 r.
1567 1868 1618 1952 N.
1635 1886 1678 1946 Ξ
1693 1865 1879 1954 Sacerdos
1908 1867 2013 1954 dicat
2040 1899 2200 1955 oremus

638 2009 749 2093 Deus
778 2031 888 2122 pater
915 2015 1167 2124 omnipotens
1195 2032 1307 2122 pater
1335 2011 1502 2095 Domini
1529 2015 1652 2095 nostri
1682 2011 1762 2094 Υ.Ιιιι
1792 2012 1881 2124 Xp.i
1904 2016 1976 2126 qui
2004 2034 2044 2097 te
2093 2045 2199 2132 rege-

522 2154 674 2234 neravit
703 2183 750 2234 ex
780 2183 881 2265 aqua
911 2171 950 2236 ct
979 2155 1122 2264 spiritu
1150 2172 1282 2235 sancto
1311 2155 1464 2268 quique
1491 2149 1605 2238 dedit
1623 2153 1696 2236 tibi
1718 2158 1989 2240 remissionem
2008 2163 2195 2243 omnium

520 2311 770 2400 peccatorum
810 2297 892 2402 ipse
922 2313 960 2376 te
988 2302 1017 2388 †
1045 2291 1157 2377 liniat
1194 2292 1402 2379 chrismate
1440 2293 1575 2377 salutis
1612 2296 1654 2379 in
1683 2295 1779 2406 Xp.0
1806 2293 1892 2376 Y.¹¹¹¹
1921 2293 2084 2380 domino
2123 2331 2194 2384 no-

522 2457 603 2517 stro
634 2441 673 2522 iu
704 2436 826 2520 vitam
856 2459 1031 2522 eternam
1060 2456 1101 2518 Ξ
1127 2475 1161 2532 e.
1190 2455 1232 2519 ’,τε
1258 2433 1389 2518 Amen
1417 2459 1459 2522 :t
1484 2433 1640 2518 Deinde
1668 2431 1809 2518 induat
1837 2465 1931 2517 cum
1959 2459 2061 2520 veste
2088 2435 2187 2523 cbri-

522 2574 637 2658 srnali
665 2566 726 2692 (1)
756 2565 888 2658 diceus
916 2595 958 2660 Ξ
983 2579 1128 2690 Accipe
1157 2594 1308 2660 vestem
1336 2572 1547 2661 candidam
1575 2595 1614 2657 et
1642 2573 1937 2658 immaculatam
1964 2605 2088 2690 quarn
2106 2607 2191 2689 per·

616 2957 674 3060 (r)
701 2955 794 3049 Quid
816 2952 882 3026 boc
905 2949 981 3025 loco
1006 2951 1048 3024 sit
1072 2945 1257 3021 Chrismalc
1281 2945 1376 3020 docet
1401 2943 1611 3042 Bumodus,
1638 2945 1729 3048 qood
1753 2947 1796 3018 sit
1817 2943 1941 3020 scilicet
1965 2956 2068 3024 vestis
2101 2978 2193 3027 can—

516 3090 604 3164 dida
629 3112 727 3188 quoe
751 3108 859 3183 super
867 3094 981 3178 caput
989 3075 1203 3176 baptizandi
1209 3076 1375 3174 porticum
1388 3072 1511 3173 quippe
1524 3072 1618 3168 olim,
1633 3087 1716 3146 utet
1731 3072 1845 3168 bodie,
1859 3073 2102 3174 baptizatorum
2116 3095 2183 3156 sta—

509 3221 695 3316 timetque
720 3210 908 3284 Chrisrnote
933 3209 966 3279 in
990 3205 1099 3279 fronte
1125 3203 1360 3302 ungebantur,
1389 3231 1430 3276 no
1455 3201 1607 3276 Cbrisrna
1632 3200 1818 3298 deflueret,
1844 3207 1949 3304 capita
1978 3233 2089 3307 panno
2113 3237 2192 3286 oon·

517 3345 597 3416 dido
622 3339 906 3436 obvolvebantur,
919 3336 979 3437 qui
1005 3348 1121 3409 octava
1146 3331 1286 3406 demum
1312 3329 1365 3405 die
1390 3331 1434 3404 ab
1458 3333 1498 3405 iis
1522 3331 1742 3406 auferebatur.
1771 3333 1927 3409 Ceterum
1943 3339 2000 3438 qui
2017 3337 2111 3435 pluro
2127 3340 2193 3412 sci-

513 3499 551 3546 re
574 3475 683 3568 cupiet
708 3470 802 3544 adeat
827 3469 971 3540 maxime
996 3463 1164 3562 Congium
1190 3460 1252 3534 luc
1277 3487 1389 3552 voce,
1418 3483 1546 3534 necnon
1584 3473 1617 3532 et
1656 3459 1882 3536 doctissimum
1908 3463 2108 3540 Martenium
2145 3467 2192 3540 de

513 3603 653 3700 Antiqu.
682 3595 775 3671 Ecd.
804 3595 874 3669 Rit.
905 3593 965 3668 tib.
994 3593 1025 3666 Ι.
1054 3593 1138 3691 Cap.
1168 3590 1199 3662 1.
1239 3589 1315 3662 Art.
1344 3588 1430 3660 XV.
1451 3615 1549 3662 num.
1580 3587 1676 3664 VI..
1704 3587 1803 3664 Haud
1826 3615 1907 3664 vero
1938 3593 2081 3690 pedibus
2112 3619 2190 3694 pos-

393 3725 398 3735 “
515 3757 549 3804 so
575 3731 610 3800 in
634 3727 826 3802 sententiam
850 3725 897 3798 ire
922 3722 1013 3799 Glar.
1046 3719 1178 3818 Ioseplri
1203 3716 1350 3792 Cotnlani
1384 3731 1551 3817 putamus,
1579 3717 1640 3820 qni
1678 3721 1714 3793 in
1739 3719 1843 3794 Corn.
1871 3721 1942 3796 Rit.
1970 3721 2074 3797 Rom.
2102 3725 2186 3822 Cep.

521 3887 558 3936 2.
588 3856 630 3929 de
655 3855 740 3928 sacr.
768 3852 923 3952 baptism.
952 3854 985 3951 §.
1014 3848 1156 3925 XXlII.
1186 3875 1281 3922 num.
1309 3845 1377 3918 IV.
1406 3846 1535 3952 lapsum
1561 3847 1644 3922 dixit
1669 3849 1874 3926 Marteniom
1896 3877 1974 3929 curn
2007 3850 2193 3934 Cbrismale

514 3989 643 4089 putavit
669 4011 688 4058 a
715 3983 824 4062 Veste
854 3981 1028 4056 Candida
1054 3981 1240 4056 diversum.
1269 3977 1387 4078 Neque
1412 3975 1499 4048 cuim
1524 3974 1616 4076 quod
1639 3988 1730 4050 certe
1755 3980 1853 4077 copiti
1886 4007 1978 4058 sacro
2005 3988 2187 4068 Cbrismate

514 4130 672 4216 peruncto
698 4111 932 4214 imponebatur
956 4111 1056 4186 vestis
1086 4134 1155 4182 csse
1188 4119 1329 4206 poterat.
1358 4103 1411 4176 An
1436 4103 1568 4180 lortosse
1597 4106 1744 4184 Corona
1774 4137 1841 4210 quo
1872 4111 2036 4215 aliquibus
2061 4121 2094 4194 in
2119 4127 2189 4200 Ec.

516 4244 620 4320 clesiis
653 4241 737 4317 olim
778 4239 935 4338 baptizati
959 4249 1057 4336 ceput
1082 4234 1296 4328 ornabatur,
1321 4233 1518 4331 procedente
1553 4233 1631 4310 inde
1663 4250 1811 4336 ternpore
1842 4240 1877 4312 in
1903 4241 2088 4326 Cbrismale
2112 4282 2190 4330 rnu-

520 4371 621 4446 tota?
645 4369 721 4467 Ipso
746 4391 880 4471 quoquc
908 4364 1087 4440 catalanos
1112 4363 1230 4438 codem
1262 4363 1400 4458 capite,
1427 4373 1459 4434 et
1501 4357 1534 4459 S.
1564 4361 1658 4438 numj
1695 4389 1775 4440 vero
1805 4365 1855 4441 ΙΙ.
1885 4373 2185 4456 Gemmericusem

515 4496 680 4572 Codiccm
699 4498 791 4568 initio
813 4494 884 4566 Xl.
896 4493 1012 4567 sarculi
1025 4506 1195 4565 exaratum
1214 4487 1359 4580 adducit,
1378 4487 1412 4559 in
1424 4515 1492 4590 quo
1509 4492 1686 4570 nroniftsto
1699 4494 1816 4596 legitur
1832 4520 1871 4568 ea
1884 4498 2032 4574 Vestitur
2043 4505 2189 4583 restibus

513 4659 539 4695 o
566 4624 830 4717 subcandido,
869 4637 902 4696 et
935 4623 1076 4696 rnittitur
1110 4617 1295 4694 Clrrismalc
1328 4641 1429 4716 super
1462 4634 1560 4722 caput
1593 4628 1662 4701 eius
1696 4648 1734 4697 :t
1771 4628 1901 4703 Riturrle
1931 4631 2029 4704 etiam
2055 4633 2184 4710 Roma.

512 4782 592 4830 nurn
618 4779 686 4854 quo
710 4750 811 4826 lrod'e
836 4753 981 4842 utimur,
1008 4775 1087 4846 cum
1111 4748 1153 4820 de
1178 4745 1377 4819 Adultorutn
1404 4747 1575 4850 Baptismo
1600 4759 1699 4855 agit,
1726 4760 1926 4858 apertissime
1952 4759 2179 4840 Clrrismolea

511 4897 599 4960 veste
625 4879 766 4955 condida
791 4879 959 4975 distinguit
983 4899 1020 4942 =
1044 4875 1139 4947 Tunc
1163 4869 1338 4944 bombasio
1365 4877 1418 4951 vel
1451 4906 1487 4953 re
1518 4882 1617 4956 sinrili
1647 4883 1802 4985 pollicem
1839 4890 1934 4986 tergit
1967 4905 2000 4968 ct
2037 4853 2176 4992 imponit

510 5043 534 5080 o
559 5012 654 5111 copiti
680 5006 788 5083 [lecti
815 5005 1003 5085 Chrismele
1027 5031 1090 5080 seo
1121 4999 1301 5078 candidum
1326 5002 1529 5108 linteolum,
1566 5025 1599 5087 et
1631 5013 1687 5088 dot
1712 5013 1762 5090 illi
1789 5030 1913 5094 restem
1938 5017 2125 5096 condicam.
2144 5049 2182 5098 r:
