4870 6630
1098 408 1118 524 (
1150 441 1222 496 121
1256 409 1273 525 )

343 578 386 660 in
413 571 642 660 fidelissime
669 599 768 688 puer
796 574 890 688 quia
909 578 985 662 scis
1004 580 1075 691 qui
1095 581 1137 664 in
1165 575 1237 664 illo
1264 576 1395 662 latitat
1421 573 1523 666 finis
1557 587 1619 670 Ps.
1653 587 1876 704 Confitebor
1888 593 2012 690 :Ad

345 747 393 808 os,
418 744 583 818 manum
611 712 824 800 extendens
852 745 953 828 puer
981 721 1176 828 perimere
1211 747 1253 802 se
1283 739 1460 832 temptat.
1490 727 1584 836 quia
1613 725 1774 813 vultum
1794 762 1873 818 non
1892 734 2019 820 ferens

343 861 463 944 sancti
494 859 559 942 Ps.
586 855 730 940 Beatus
758 858 830 939 vir.
861 855 908 941 A
937 855 1060 940 Michi
1089 856 1247 948 ferte..
1276 884 1428 946 ..tunc
1455 867 1509 948 ait
1536 866 1671 976 presul
1699 899 1773 984 ego
1800 871 1935 959 bibam
1949 875 2020 961 sed

341 999 411 1085 ille
438 1001 644 1112 episeopus
672 999 865 1082 nouerit.
897 999 959 1082 Ps.
991 995 1157 1084 laudate.
1188 1009 1239 1089 A.
1271 1003 1384 1092 Tunc
1413 1003 1647 1094 admirabile
1675 1007 1825 1094 iactum
1841 1033 1899 1097 est
1916 1013 2019 1103 dum

341 1141 539 1228 confessor
566 1138 655 1252 Xp.i
679 1138 845 1223 Sabinus
873 1145 1024 1252 potavit
1063 1173 1262 1230 venenum
1292 1145 1506 1235 Vindemio
1544 1155 1735 1264 patraturi
1770 1150 1919 1240 funeris
1946 1159 2023 1243 viri
2085 1123 2090 1126 .

342 1287 407 1374 dei
436 1283 578 1402 procul
606 1286 677 1402 qui
705 1303 787 1370 erat
815 1287 940 1368 vitam
969 1286 1141 1368 extorsit.
1500 1271 1502 1276 ¹

433 1423 613 1539 ’.θυμω
649 1421 755 1510 Eece
781 1419 971 1511 Sacerdos
998 1452 1167 1542 magnus
1194 1431 1267 1542 qui
1294 1434 1407 1545 quasi
1435 1431 1545 1518 stella
1572 1429 1776 1520 matutina.

1098 1711 1262 1797 Ymmts.

450 1967 607 2059 Christe
635 2000 702 2054 rex
719 1996 872 2083 regum
913 1962 1126 2050 metuende
1165 1965 1353 2050 celorum.
1382 1986 1532 2053 nostras
1568 1971 1713 2056 exaudi
1750 2006 1884 2088 preces
1923 1988 2024 2098 qui:

342 2121 417 2206 bus
445 2140 632 2234 rogamus
660 2115 767 2224 aperi
796 2109 909 2196 uobis
948 2137 992 2192 os
1020 2105 1072 2192 ad
1115 2103 1277 2218 laudem
1316 2111 1377 2190 tui
1419 2113 1540 2194 sancti
1568 2109 1797 2200 Sacerdotis.
1826 2116 2019 2221 Concede·
2055 2123 2076 2178 ·,

338 2260 452 2349 nobis
478 2255 641 2342 laudem
658 2272 703 2334 ut
724 2278 940 2364 pangamus
967 2251 1087 2334 sancti
1112 2247 1239 2330 sabini
1268 2251 1327 2332 tui
1356 2248 1593 2336 confessoris.
1621 2277 1759 2337 annua
1777 2258 1890 2341 cuius
1909 2289 2015 2344 reco

344 2403 467 2487 limus
494 2396 589 2482 festa
602 2375 753 2478 'mente
780 2387 933 2474 devota.
962 2385 1111 2472 Adesto
1139 2410 1270 2472 noster
1297 2417 1404 2474 sacer
1432 2393 1669 2492 intercessor.
1697 2421 1773 2505 pro
1811 2399 1891 2480 tuis
1919 2425 2010 2508 sepe

338 2537 498 2624 famulis
525 2565 641 2620 exora
668 2555 709 2616 et
737 2530 869 2616 refove
898 2548 1009 2611 tuam
1037 2532 1263 2612 canusinam
1291 2530 1452 2642 plebem
1481 2562 1603 2644 quam
1623 2538 1823 2648 generasti.
1843 2534 1937 2620 Fuit
1947 2543 2010 2624 vir

210 2679 217 2698 ’
335 2684 408 2766 iste
428 2669 534 2762 astra
554 2671 606 2792 (*)
625 2677 772 2776 micans
799 2667 953 2756 mundo
981 2675 1132 2788 ignaras
1159 2691 1311 2756 mentes
1326 2671 1477 2755 lumine
1492 2671 1698 2756 illustrans
1713 2670 1817 2755 oolla¹
1840 2677 2010 2786 superba

339 2826 433 2934 iugo
462 2817 585 2902 flectit
593 2814 689 2926 Xp.⁰
706 2809 1009 2896 Canusinorum.
1025 2809 1141 2924 Regis
1169 2815 1314 2926 sagacis
1343 2810 1488 2896 dolum
1509 2817 1774 2928 precognovit.
1792 2819 1909 2927 pueri
1924 2816 2017 2900 loco'

337 2981 512 3075 pateram
540 2953 642 3039 dum
671 2950 790 3035 ferret
825 2947 877 3036 nd
905 2949 1200 3082 propinandum
1229 2953 1472 3035 sanctissimo
1509 2947 1710 3038 Sacerdoti
1739 2957 1885 3038 mirans
1922 2956 2007 3041 abs-

335 3105 457 3188 cessit,
486 3097 626 3186 Multis
663 3100 725 3178 vir
762 3095 830 3178 ille
858 3093 1071 3190 virtutibus
1100 3092 1211 3176 fulsit
1239 3087 1339 3174 dum
1368 3089 1524 3174 mundo
1552 3097 1677 3177 vitam
1706 3101 1805 3209 gerit
1840 3099 1882 3180 in
1918 3126 2006 3209 pre-

335 3245 444 3328 senti.
473 3235 648 3354 previdit
676 3257 814 3318 cuncta
853 3235 978 3350 gentis
1013 3234 1193 3318 affirtura.
1232 3255 1327 3318 tunc
1356 3232 1527 3344 predixit
1561 3265 1696 3351 greges
1723 3234 2001 3352 dispergendas

334 3411 425 3469 esse
439 3379 566 3466 Erote
583 3374 676 3460 edos
691 3403 814 3460 vacue
829 3393 1039 3456 manerent.
1067 3377 1186 3492 stragi
1216 3372 1399 3496 tumbam
1426 3373 1602 3461 additam
1634 3380 1713 3460 iam
1741 3383 2001 3490 esse'tempo

333 3561 375 3614 re
387 3525 601 3639 prolixum.
612 3519 702 3626 Que
718 3523 772 3603 ira
788 3514 1057 3602 flammescens
1078 3515 1343 3605 Vindemium
1373 3516 1541 3631 quidam
1555 3523 1717 3632 spiritus
1731 3550 1904 3633 nequam
1914 3551 1999 3632 pre·

333 3668 431 3754 dicti
458 3667 620 3750 levitam
650 3662 798 3754 honore
826 3690 986 3746 summo
1014 3662 1126 3773 cupit
1153 3653 1326 3774 adipisci.
1354 3662 1435 3742 iam‘
1463 3655 1683 3744 sacerdotis
1695 3659 1876 3743 Puerum
1893 3667 2002 3746 misit

335 3806 542 3892 vasculum
571 3805 643 3917 qui
671 3803 902 3917 ferretque
930 3799 1188 3888 claudebatur
1230 3797 1352 3884 sunus
1390 3798 1628 3884 confessoris
1666 3819 1714 3881 ut
1750 3796 1858 3882 dum¹
1880 3828 2002 3884 sacer·

332 3947 406 4034 dos
429 3941 519 4059 Xp.i
542 3945 618 4028 hoc
632 3963 783 4055 potaret
811 3946 932 4025 vitam
961 3927 1100 4026 finiret.
1128 3933 1422 4060 Omnipotentis
1449 3963 1582 4026 autem
1611 3939 1828 4027 denudavit
1856 3937 1999 4024 dolum

331 4089 439 4174 illius
467 4092 574 4200 p⁸¹¹¹¹¹¹
589 4081 660 4199 (**)
678 4086 932 4199 precognovit
950 4087 1187 4198 signumque
1214 4088 1341 4169 crucis
1369 4113 1465 4166 vero
1503 4109 1622 4193 super
1649 4107 1799 4193 ponens
1826 4101 1907 4190 ptr·
1941 4109 1998 4163 se·

332 4261 480 4324 curam.
507 4220 629 4337 Virus
658 4224 734 4310 hoc
762 4225 897 4310 bibam
926 4251 1051 4342 puero
1079 4241 1176 4310 tunc
1203 4227 1268 4308 ait.
1295 4221 1374 4308 Sed
1403 4253 1484 4310 non
1521 4219 1635 4336 quod
1670 4225 1791 4338 cupit.
1829 4227 1888 4318 illi
1916 4227 1998 4315 adi-

426 4600 482 4704 (’)“
501 4601 606 4705 Lssd‘
629 4611 768 4677 “imm-
970 4627 1010 4663 ··
1126 4601 1132 4614 '
1238 4589 1308 4691 (**)
1332 4585 1529 4690 praestitum
1553 4593 1743 4774 fortassefi

1692 4723 1707 4777 t
