4914 6610
1065 461 1089 590 i
1121 467 1246 590 2⁰3.)

323 639 414 735 Xlt
443 637 661 730 Ecclesiam
689 639 800 728 rexit.
828 640 893 726 Eo
921 640 1107 749 sedente,
1135 641 1269 730 nuccis
1296 655 1320 726 e
1347 639 1464 759 liguis
1492 642 1594 754 mira
1611 661 1693 728 arte
1720 663 1760 730 et
1786 640 2003 762 multiplici

325 788 510 869 varietate
538 785 714 902 glyptioo
742 813 861 898 opere
890 784 1053 898 sculptis
1082 803 1280 871 extructae
1308 785 1351 868 in
1379 781 1607 872 Gathedrali
1634 783 1776 896 sedes,
1812 796 1926 900 sive,
1954 816 2002 882 ut

323 929 462 1036 aiunt,
490 925 643 1032 Stella,
670 924 826 1040 duplici
852 921 1024 1033 ordine3
1052 926 1248 1040 superiori
1290 923 1439 1011 scilicet
1467 927 1723 1044 Dignitatum
1758 951 1799 1016 et
1825 932 1994 1022 Canoni-

324 1100 487 1180 corum,
516 1069 690 1158 inferiori
719 1100 794 1184 pro
823 1070 959 1154 ceteris
976 1065 1040 1173 ‘de
1067 1065 1196 1152 Clero.
1223 1066 1385 1155 Harum
1412 1069 1580 1157 Sedium
1606 1072 1780 1190 aliquas,
1808 1095 1857 1159 ιιι
1886 1091 1997 1190 prae-

325 1204 427 1290 clara
456 1205 651 1322 glypticae
678 1207 772 1290 artis
799 1205 860 1292 his
888 1209 932 1290 iu
960 1207 1219 1332 regionibus,
1255 1209 1395 1300 infima
1431 1235 1553 1300 aetate
1590 1215 1860 1328 exemplaria,
1904 1217 2007 1307 deli·

326 1333 438 1437 nenti
465 1349 556 1436 iecit
584 1351 745 1466 insignis
775 1353 946 1436 nominis
974 1370 1016 1435 et
1043 1348 1245 1454 doctrinae
1273 1354 1348 1439 Vir
1377 1358 1430 1460 D.
1451 1355 1665 1460 Mittimus,
1683 1377 1731 1440 ut
1749 1361 1831 1470 ipse
1848 1381 2002 1446 nostras

313 1493 439 1596 *hasce
467 1517 672 1609 peragrans
701 1490 895 1608 Regiones
922 1491 1141 1607 Melphicto
1158 1492 1331 1604 Lycium
1350 1494 1562 1582 adveniens
1581 1497 1909 1611 nobis,r1uitunc
1939 1501 1998 1585 ibi

310 1632 604 1740 morabamur,
632 1655 794 1720 testatus
821 1655 893 1719 est.
918 1632 985 1720 An
1013 1663 1110 1720 vero
1138 1634 1206 1721 illa
1235 1666 1324 1721 aere
1353 1641 1474 1722 incisa
1501 1637 1654 1751 publici
1682 1636 1779 1724 facta
1795 1641 1873 1724 sint
1888 1643 2000 1748 iuris,

330 1797 379 1862 ut
406 1780 481 1890 ipsi
511 1775 761 1890 propositum
790 1795 900 1880 crat,
929 1804 1094 1888 prorsus
1121 1779 1359 1892 ignoramus.
1696 1765 1700 1772 ’

444 1914 692 2005 Ιιοιιανάιιι·
711 1915 761 2000 de
792 1916 1005 2002 Palmariis
1035 1914 1190 2021 eodem,
1206 1948 1290 2034 quo
1320 1917 1543 2033 Episcopus
1571 1941 1721 2007 creatus
1737 1903 1916 2028 ,interiit
1943 1952 2008 2013 au·

330 2089 384 2148 no
413 2055 753 2148 MCDLXXIJL
783 2057 891 2142 Haec
920 2054 1141 2173 Ughelliu's.

449 2203 618 2288 Ioannes
649 2203 833 2313 Baptista
865 2193 979 2313 Cybo
1018 2196 1218 2284 lanuensis
1259 2196 1330 2282 VI.
1367 2198 1457 2286 Kal.
1493 2198 1653 2288 Octobr.
1683 2205 2019 2300 MCDLXXIII

327 2333 527 2458 eligitur,
574 2340 776 2456 pauloque
823 2363 913 2456 post
950 2342 987 2424 S.
1024 2339 1071 2422 R
1109 2341 1158 2424 E
1196 2338 1429 2424 Cardinalis.
1454 2363 1639 2446 creatur,
1688 2345 1856 2434 tandem
1903 2377 2012 2434 sum·

332 2509 425 2568 mus
435 2477 631 2567 Ecclesiae
648 2481 831 2569 Pontifex
850 2513 910 2567 an.
926 2485 992 2571 M
989 2479 1313 2570 CDLXXXIV
1319 2484 1592 2587 renunciatus,
1611 2481 1868 2572 lrtnocentiur
1896 2487 1950 2577 V
1941 2489 2021 2580 III

331 2621 464 2710 dictus
493 2643 581 2707 est:
625 2623 722 2710 haee
749 2621 972 2740 Ughellius.
1000 2622 1080 2712 Hic
1107 2621 1435 2734 Melphictensem
1475 2623 1697 2712 Ecclesiam
1733 2654 1757 2707 a
1793 2625 2013 2740 Metropoli

332 2763 494 2854 Barensi
520 2764 718 2872 avulsam,
737 2763 937 2850 Romanae
966 2766 1196 2851 Provinciae
1224 2761 1388 2852 addixit.
1417 2759 1550 2852 Pudet
1567 2762 1658 2849 illos
1677 2761 1881 2850 confutare
1897 2826 1910 2870 ,
1924 2768 2012 2881 qui·

333 2907 411 2994 bus
438 2911 539 2994 serio
567 2906 716 3023 placuit
743 2906 873 2994 fronte
900 2907 1048 2992 affricta
1077 2903 1289 2992 adfirmare
1317 2905 1449 2990 illum
1465 2904 1764 3022 Mlplricnscm
1801 2905 1923 2994 fuisse
1950 2905 2006 2993 E·

335 3053 568 3166 piscopum3
596 3081 676 3138 non
704 3053 811 3137 enim
849 3050 938 3135 illos
967 3023 1204 3152 moramur,
1241 3051 1313 3163 qui
1342 3051 1556 3164 utriusque
1581 3047 1762 3136 Civitatis
1797 3051 2012 3136 nominum

334 3193 600 3283 similitudine
628 3191 792 3286 fuerunt
819 3188 984 3303 decepti.
1013 3189 1163 3276 Romae
1190 3218 1307 3305 agens
1326 3190 1535 3276 Vicarium
1552 3191 1628 3278 sibi
1657 3195 1700 3278 in
1720 3191 1921 3278 Ecclesiae
1945 3187 2016 3278 ad·

225 3311 227 3314 Ι
337 3339 623 3433 ministratione
653 3335 855 3419 coustituit
885 3335 1050 3418 Petrum
1077 3330 1129 3416 dc
1158 3333 1361 3417 Becanato
1389 3331 1696 3446 Iuvenaoensem
1734 3333 2014 3447 Episcopum,

334 3497 385 3562 ut
411 3507 461 3560 ex
490 3473 610 3563 Bulla
639 3471 871 3586 Beneficiali
896 3477 939 3562 in
969 3475 1214 3589 Episcopalis
1242 3453 1388 3562 Curiae
1417 3474 1717 3589 Melphictensis
1740 3475 1920 3562 Archivo.
1938 3503 2018 3559 ser·

335 3635 445 3721 vata,
475 3639 516 3703 et
543 3647 567 3702 a
596 3613 709 3702 nobis
739 3613 837 3699 lecta
864 3610 1076 3731 colligitur.
1104 3611 1311 3722 Videnda,
1342 3645 1448 3732 quac
1475 3614 1528 3701 de
1562 3617 1638 3706 hoc
1651 3611 1903 3702 Pontificem
1933 3611 2017 3699 At

337 3763 549 3846 ιιιοιιὶιίοιιε
585 3752 637 3841 ad
664 3757 843 3842 officium
871 3755 1186 3845 VisitationisB.
1217 3757 1294 3863 V,
1331 3778 1372 3844 ct
1407 3760 1452 3844 iu
1489 3759 1557 3844 De
1586 3755 1770 3847 Ecclesia
1799 3756 1838 3842 S
1869 3753 1934 3840 M
1965 3747 2016 3836 da

310 3901 605 4016 Martyribus
632 3928 751 4012 supra
779 3900 1018 4010 scripsimus
1128 3937 1160 3984 ·.

455 4041 635 4157 Angelus
663 4041 717 4130 II
736 4036 788 4123 de
816 4039 1000 4126 Lacertis
1027 4037 1322 4154 Melphictensis
1337 4036 1389 4124 ab
1408 4039 1635 4127 Innocentio
1653 4057 1807 4124 creatus
1826 4033 1931 4120 obiit
1950 4064 2018 4124 an·

338 4213 393 4274 no
421 4183 644 4273 MDVIH.
673 4183 809 4267 Frater
837 4181 902 4267 hic
929 4181 1047 4268 fuit
1036 4185 1197 4300 insignis
1235 4211 1279 4266 ea
1306 4201 1409 4294 etate
1451 4183 1655 4284 nominis,
1684 4176 1907 4265 Medicinae
1935 4179 2019 4264 Do

308 4326 460 4422 cteris
489 4323 698 4409 Antonalli
723 4322 775 4408 de
805 4323 1014 4429 mertis,
1041 4322 1207 4439 dequo
1235 4286 1435 4410 videndus
1470 4324 1656 4436 Toppius.
1788 4363 1792 4372 ¹
1963 4399 1969 4410 .

458 4466 635 4555 Alexius
651 4462 930 4571 Caledonas,
977 4470 1060 4552 sive
1104 4464 1374 4551 Caeladoniur
1402 4463 1478 4552 Vir
1503 4462 1850 4551 Lacedaemonius
1896 4463 2019 4551 Grac·

343 4636 390 4694 ca
417 4605 563 4692 scilicet
591 4627 702 4691 ortus
730 4607 878 4722 stirpe,
906 4637 929 4692 e
964 4605 1247 4726 Callipol'tana
1274 4604 1369 4716 sede
1380 4609 1437 4716 ,in
1454 4605 1664 4715 Salentinis
1684 4603 1735 4692 ad
1758 4599 2021 4718 Melphicten-

343 4775 430 4834 sem
458 4746 667 4832 translatus
696 4748 946 4832 lateranensi
974 4745 1154 4836 Concilio
1181 4779 1242 4834 au.
1272 4748 1516 4839 MDXVII
1533 4747 1640 4837 Iulio
1668 4748 1711 4834 ΙΙ
1737 4741 1929 4852 Pontifice
1957 4746 2016 4828 in·

348 4891 509 4999 terfuit,
537 4892 764 5005 eodemque
790 4891 892 4979 obiit
918 4921 1021 4982 artuo
1048 4889 1208 4982 Romae.
1237 4891 1312 4983 Vir
1325 4891 1403 4987 fuit
1421 4891 1563 4984 doctus
1579 4919 1776 5045 sermones
1809 4889 2019 5004 utriusque

23 6029 108 6111 fs·

18 6267 23 6295 ν
59 6227 149 6295 ’.Α
311 6211 334 6256 2

38 6489 64 6553 ς’
329 6527 333 6536 .
