4870 6630
1255 580 1436 702 ,(66)
1549 641 1552 648 ·

979 733 1012 815 't¹¹

1015 828 1021 843 l

655 913 722 1000 En
751 932 790 996 et
817 903 927 994 aliud
956 903 1022 988 hic
1042 884 1193 982 ¹dirimis
1220 919 1533 988 monumentum
1561 921 1725 1014 pactum
1753 903 1901 992 scilicet
1929 909 2093 996 initum.

417 1301 420 1308 .
638 1196 687 1283 ‘A
716 1193 941 1280 Patr-iarclra
965 1188 1179 1273 Willelmo
1206 1187 1591 1301 Hierosolymitano,
1620 1217 1660 1279 et
1688 1193 1808 1278 Petro
1836 1195 1971 1307 priore
1998 1192 2223 1290 Sanctiss-

417 1313 419 1322 l
536 1341 666 1460 pulcri
694 1359 734 1422 et
762 1335 942 1422 eiusdem
970 1331 1262 1416 Canonicorum
1291 1357 1491 1421 conventu
1517 1332 1722 1452 quandam
1750 1331 1984 1420 firmitatem
2012 1366 2107 1424 cum
2146 1341 2233 1427 do-.
2255 1424 2264 1442 Δ,

390 1461 394 1474 ⁸
435 1567 436 1574 a
535 1491 646 1573 mino
674 1477 860 1566 Achardo
885 1478 1023 1560 Priore
1050 1472 1189 1584 templi
1219 1469 1376 1560 domini
1411 1499 1452 1560 et
1488 1475 1656 1564 domiuo
1684 1476 1866 1563 Amaldo
1901 1481 2036 1592 priore
2073 1493 2222 1572 montis

532 1633 641 1739 §yon
678 1649 721 1710 et
759 1621 936 1730 domino,
965 1615 1144 1698 Henrico
1177 1614 1318 1727 priore
1351 1621 1502 1706 montis
1538 1618 1687 1704 Oliveti
1729 1647 1888 1706 assensn
1936 1641 1977 1704 et
2005 1631 2221 1710 concessio·

440 1759 443 1768 *
531 1803 581 1854 ne
626 1767 917 1852 Canonioorum
956 1756 1033 1842 sibi
1071 1756 1330 1842 subditorum
1367 1764 1463 1844 satis
1508 1765 1786 1847 convenienter
1826 1779 2061 1845 statuerunt.
2098 1762 2218 1850 Dica-

528 1941 621 1998 mus
657 1914 782 2028 igitur
826 1924 872 1988 ut
909 1897 962 1985 ad
1005 1896 1280 2012 sepeliendum
1315 1897 1564 1989 Canonicum
1611 1923 1793 1992 nostrum
1836 1911 1870 1992 si
1911 1925 2073 2022 tempus
2118 1938 2218 1995 con-

528 2056 679 2175 gruerit
706 2079 801 2135 cum
829 2045 1075 2158 processione
1100 2071 1172 2126 sua
1185 2073 1233 2126 er
1253 2064 1337 2156 quo
1355 2046 1556 2128 rescierint
1581 2039 1634 2127 ad
1652 2042 1857 2129 ecclesiam
1875 2047 1998 2132 sancti
2027 2049 2199 2163 sepulcri

530 2200 761 2282 conveniant
788 2192 849 2300 sin
876 2206 1012 2271 autem
1039 2213 1136 2268 cum
1180 2182 1343 2270 duobus
1377 2185 1574 2268 canonicis
1590 2303 1593 2308 Ι
1607 2183 1675 2270 vel
1704 2185 1834 2270 tribus
1859 2191 2018 2273 veniant
2055 2212 2097 2274 et
2132 2221 2208 2276 nos

515 2333 708 2424 ,similiter
744 2319 796 2414 ad
833 2358 955 2414 suum
991 2325 1266 2444 sepeliendum
1313 2329 1463 2414 ibimus
1501 2345 1541 2410 et
1579 2323 1763 2412 debitum
1800 2327 1979 2414 cilicium
2013 2333 2050 2414 ei
2088 2327 2207 2418 facie-

517 2507 619 2562 mus
646 2479 702 2560 sic
729 2495 769 2558 et
798 2495 929 2558 nostre
956 2502 997 2558 se
1024 2471 1165 2560 faciant
1194 2500 1333 2564 omnes
1368 2469 1446 2556 sibi
1489 2473 1661 2554 invicem
1699 2467 1937 2559 alterutrum
1977 2503 2206 2586 recompeu-
2289 2520 2310 2548 s

527 2643 663 2706 santes.
692 2615 877 2730 Amplius
905 2647 980 2730 pro
1008 2639 1183 2704 mortno,
1197 2613 1464 2732 septenarium
1492 2613 1535 2695 in
1563 2636 1761 2700 conventu
1778 2613 2019 2700 alterutrum
2039 2615 2209 2701 facimus

526 2793 620 2848 curn
648 2759 826 2875 plenario
861 2761 1021 2844 servitio
1058 2762 1100 2843 in
1135 2780 1288 2872 septem
1326 2753 1473 2871 vigiliis
1500 2753 1562 2871 (1)
1598 2776 1638 2840 et
1674 2753 1847 2843 totidem
1885 2762 2016 2844 missis
2051 2757 2122 2844 sed
2162 2763 2205 2845 in

523 2907 652 3016 prima
682 2905 804 2986 misse>
828 2903 1248 2986 commemorationem
1276 2919 1317 2981 et
1344 2928 1473 2982 unum
1501 2927 1718 3012 pauperem
1746 2899 1829 2986 VII
1857 2901 1937 2996 illis
1966 2899 2107 2988 diebus
2135 2933 2207 3014 po·

521 3067 602 3142 stea
622 3043 844 3129 cibabimus
860 3065 899 3128 et
928 3049 1000 3158 qui
1029 3041 1222 3156 presbiter
1251 3041 1293 3123 in
1307 3041 1448 3124 nostris
1466 3042 1836 3156 congregationibus
1852 3044 1976 3129 suerit
2003 3045 2106 3131 infra
2120 3042 2209 3130 Vll'

518 3188 610 3276 illos
640 3183 726 3272 dies
754 3185 917 3270 Missam
945 3217 1068 3274 unam
1098 3215 1173 3298 pro
1200 3174 1363 3267 mortuo
1391 3185 1580 3297 privatim
1625 3181 1849 3273 celebrabit.
1876 3185 1958 3293 Qui
1996 3219 2093 3272 tero
2121 3185 2205 3271 dta-

522 3360 644 3416 conus
674 3350 742 3412 aut
770 3324 1036 3412 subdiaconus
1054 3324 1119 3410 vel
1135 3328 1301 3414 clericos
1328 3326 1502 3409 extiterit
1531 3323 1765 3436 psalterium
1792 3331 1993 3444 integrum
2022 3326 2203 3415 docanta-

515 3468 577 3553 bit
606 3499 680 3582 pro
709 3465 867 3552 eodem.
894 3443 943 3552 ln
973 3466 1075 3552 lecto
1104 3467 1337 3584 egritudinis
1365 3498 1488 3582 quam
1517 3463 1590 3550 diu
1620 3463 1808 3554 infirmus
1834 3474 1995 3558 iacuerit
2022 3473 2074 3560 ad
2104 3483 2203 3562 mis-

410 3643 414 3652 ’
519 3639 604 3696 sam
632 3639 794 3725 quaque
822 3607 889 3693 die
917 3613 959 3692 in
987 3631 1185 3694 conventu
1223 3611 1427 3722 propriam
1465 3611 1684 3693 orationem
1728 3607 1779 3693 ad
1818 3615 2135 3704 succurrendum
2163 3624 2200 3705 ei

507 3753 797 3862 percreverint.
824 3748 903 3834 His
929 3753 983 3832 ita
998 3755 1196 3870 'superius
1225 3747 1373 3868 gestis',
1410 3770 1450 3834 et
1493 3729 1810 3864 processionibus
1851 3766 2096 3876 congregatis
2124 3759 2198 3848 Ct-

513 3892 718 3990 merarius·
733 3888 899 4004 singulis
929 3891 1157 4007 quibusque
1188 3890 1376 3978 fratribus
1406 3922 1536 3978 cereos
1565 3893 1629 3977 vel
1659 3893 1843 3981 candelas
1879 3895 2091 3986 distribuat
2119 3901 2197 4018 (2),

482 4069 488 4076 ·
626 4027 683 4114 Ut
711 4049 847 4114 autem
876 4029 1040 4118 lectores
1068 4055 1213 4120 statum
1243 4032 1594 4146 lerosolymitanae
1602 4034 1800 4121 Ecclesiae
1829 4043 1996 4153 eiusque
2023 4039 2192 4124 Canoni-

511 4205 685 4282 corum,
713 4181 785 4291 qui
815 4181 960 4292 ntique
987 4199 1034 4261 ut
1062 4206 1181 4290 supra
1211 4175 1392 4264 diximus
1418 4176 1634 4293 Regulares
1684 4200 1770 4264 rant
1799 4201 1837 4266 et
1856 4179 2035 4297 regulam
2050 4181 2092 4270 S.
2108 4182 2191 4266 Au·

513 4321 660 4434 gussini
687 4319 925 4425 servabant,
953 4319 1110 4432 plenius
1138 4346 1372 4434 cognoscere
1399 4319 1569 4430 possint,
1586 4177 1839 4579 bidknum
1866 4351 1916 4405 ex
1945 4319 2091 4408 eodem
2109 4323 2186 4407 Ba-

503 4461 688 4546 rolitano
712 4457 861 4546 Codice
889 4461 1106 4548 exscribere
1132 4459 1286 4576 placuit
1313 4435 1546 4572 sequentem
1565 4459 1698 4547 Ordin
1730 4582 1751 4626 x
1782 4467 1854 4577 qui
1873 4465 1928 4547 sic
1944 4463 2202 4548 inscribitur:
2238 4527 2246 4544 .

601 4921 657 5022 (r)
683 4917 730 4998 Id
749 4935 811 5018 est,
838 4949 899 5026 per
924 4920 993 4998 dies
1018 4937 1144 5022 septem
1169 4875 1242 4998 ono
1266 4939 1447 4998 nocturno
1472 4939 1694 4995 mortuorum
1720 4919 1882 5018 perlectos

600 5052 659 5153 (n)
685 5051 804 5128 Simile
827 5052 1024 5156 quoddam,
1064 5065 1097 5126 et
1138 5053 1289 5151 ampliori
1325 5075 1475 5128 sermone
1495 5037 1753 5153 srcternitatr's
1795 5049 1882 5151 (sic
1907 5045 2100 5150 vorabant)
2125 5074 2188 5149 pn-

496 5193 586 5254 rtum
612 5205 632 5254 e
656 5179 837 5260 Tabulario
859 5180 1098 5267 Flavinieeensi
1131 5207 1209 5257 ann.
1238 5179 1312 5280 394
1350 5179 1454 5264 elidit
1491 5183 1613 5282 clar'm,
1642 5181 1788 5281 Congius
1821 5201 1903 5256 tote
1927 5173 2181 5268 dicterium
