4820 6604
1244 530 1520 650 (xxvm)

1153 731 1618 802 SEPTEMBER.

963 919 1074 986 Tertia
1096 913 1248 983 iaciatur
1269 911 1468 1004 Septembris
1490 913 1579 982 dena
1601 917 1755 985 minatur.

1205 1145 1557 1232 4....-

812 1427 1007 1520 Seplembcr
1027 1426 1128 1584 balinet
1158 1426 1226 1493 (lies
1246 1421 1371 1583 {EX
1419 1418 1497 1487 Inna
1531 1443 1612 1494 vero
1634 1423 1758 1494 XXX.
1784 1427 1858 1498 Nox
1884 1428 1985 1498 habet
2008 1433 2104 1503 Icoras
2129 1436 2221 1505 XII.

1079 1541 1123 1585 ins
1145 1539 1224 1584 vero
1319 1560 1326 1575 ·

542 1610 605 1678 KL
1006 1607 1154 1676 Sanclon
1180 1619 1276 1674 man.
1301 1603 1373 1672 XII
1396 1605 1545 1676 fratrum.
1571 1603 1616 1676 Et
1639 1605 1672 1673 5.
1699 1605 1809 1694 Egidii
1833 1608 1986 1682 Abbatis.

543 1701 609 1769 IIII
720 1724 777 1768 no.
1005 1698 1040 1767 5.
1065 1700 1225 1768 Antonini
1251 1709 1349 1766 mart.

542 1789 593 1860 111
718 1817 776 1860 no.
1677 1787 1738 1855 Da
1761 1786 1821 1855 HJ
1845 1790 1906 1858 III.

541 1882 575 1951 ll
714 1905 772 1951 no.

719 1973 832 2043 Nonas

539 2065 617 2132 VIII
717 2066 765 2134 id.

538 2156 601 2224 VII
713 2156 763 2223 id.

540 2247 587 2311 VI
721 2247 769 2313 id.
1007 2244 1176 2314 Nativiias
1199 2245 1303 2314 Beate
1327 2245 1446 2316 Μανία.
1471 2241 1517 2310 Et
1540 2239 1575 2308 5.
1600 2237 1740 2310 Adriani
1764 2257 1860 2313 mari.

539 2337 568 2402 V
717 2338 766 2406 id.
922 2390 926 2398 .
1004 2335 1039 2403 5.
1067 2333 1230 2422 Gargonii
1252 2350 1347 2405 mart.
1518 2363 1524 2370 ·

537 2426 606 2492 1111
718 2427 767 2494 id.

537 2517 588 2583 Ill
717 2517 767 2585 id.

537 2609 570 2675 lI
713 2608 761 2676 id.

535 2789 653 2860 XVIII
713 2698 793 2858 Induis
1004 2786 1181 2857 Exaiiaiio
1206 2793 1244 2855 S.
1272 2789 1394 2853 Crucis.
1419 2782 1568 2851 sanctor.
1595 2795 1689 2851 mari.
1716 2784 1886 2869 Cornelii,
1914 2799 1946 2855 et
1968 2787 2138 2883 Cypriani.

535 2881 635 2951 XVII
710 2878 780 2948 kal.
1010 2878 1045 2955 5.
1071 2878 1262 2946 Nicomedis
1284 2886 1382 2942 mart.

533 2975 618 3045 XVI
707 2969 779 3038 kal.
1004 2966 1154 3036 sanctor.
1181 2980 1277 3036 mart.
1303 2963 1477 3049 Euiemie,
1501 2962 1625 3048 Lucie,
1650 2974 1683 3030 et
1706 2961 1905 3034 Geminiani.

530 3065 633 3234 iiim
709 3061 781 3225 III.
1938 3087 1942 3094 ⁵

534 3254 622 3324 XIII
710 3249 780 3319 kal.

534 3347 604 3416 XII
707 3341 778 3411 kal.
1002 3330 1037 3398 S.
1063 3329 1228 3406 austasii,
1253 3338 1287 3392 et
1307 3328 1470 3395 sociorum
1495 3327 1572 3392 eius.
1916 3329 2042 3415 vigilia,

534 3437 589 3506 XI
703 3432 772 3500 kal.
1007 3429 1044 3492 S.
1071 3417 1199 3489 Mathai
1221 3419 1379 3508 Apostoli
1402 3433 1432 3486 et
1454 3415 1677 3509 Evangeiiste.
1781 3417 2009 3509 Equinactiam
2032 3421 2199 3510 aptanaIc.

534 3529 570 3596 X
700 3523 771 3591 kal.
998 3515 1034 3584 S.
1060 3510 1207 3580 Mauritii
1230 3533 1302 3578 cum
1327 3511 1421 3577 sociis
1443 3510 1506 3576 suis
1530 3519 1626 3576 mari·
1880 3511 1885 3522 ’

410 3663 413 3672 ‹
536 3617 587 3686 IX
699 3613 770 3683 kal.
1000 3607 1036 3675 S.
1060 3606 1136 3676 Lini
1158 3626 1218 3696 pp.
1246 3615 1279 3670 et
1300 3614 1397 3670 mart.

532 3706 613 3776 VIII
703 3705 773 3772 kni.

532 3801 594 3958 VII
699 3794 772 3956 III.
997 3876 1031 3946 5.
1058 3859 1206 3968 cipriini
1229 3873 1295 3964 epi.
1321 3882 1354 3939 et
1376 3883 1473 3940 mart.
1499 3883 1532 3938 et
1554 3870 1673 3940 sanae
1695 3865 1817 3937 iustine
1840 3869 1929 3957 Virg.
1954 3881 1988 3937 et
2011 3883 2108 3940 niani.

535 3983 561 4047 V
698 3976 769 4048 kal.
995 3968 1146 4035 sanctor.
1171 3975 1268 4033 mart.
1295 3960 1412 4034 Cosmc
1435 3975 1469 4031 et
1491 3961 1656 4032 Damiani.

533 4071 600 4229 IIII
700 4066 771 4230 III.
993 4148 1172 4218 Dedicatio
1195 4146 1340 4215 Basilice
1363 4152 1401 4213 S.
1428 4141 1603 4212 Michaelis
1632 4141 1850 4235 Archangeli.

536 4253 569 4321 Il
695 4249 765 4322 ka.
997 4245 1036 4311 S.
1063 4240 1222 4330 leronimi
1235 4285 1244 4320 ,
1266 4236 1376 4330 presb.
1403 4250 1434 4308 et
1456 4236 1546 4318 conf.
