4870 6630
992 580 1168 704 (1³³)

244 781 402 844 necnon
430 778 468 840 et
496 751 687 842 Friderici
716 747 1020 868 [Imperatoris
1064 755 1316 842 avunculum
1348 756 1500 866 fuisse,
1540 787 1635 846 cum
1678 759 1741 846 hic
1779 793 1827 848 ex
1855 763 1923 852 lu·

242 896 360 984 dith'a
389 927 522 984 sorore
550 921 664 982 natus
696 899 817 982 fuerit
844 960 854 978 .
883 893 1116 981 Conradum
1144 892 1358 1010 deinceps,
1389 927 1564 1012 puerum
1593 897 1723 985 adhuc
1741 963 1753 1006 ,
1772 903 1848 988 sub
1867 902 1928 990 di-

251 1039 417 1151 sciplina
447 1037 638 1124 Friderici
674 1038 920 1122 Coloniensis
949 1038 1138 1150 Episcopi
1177 1037 1422 1146 educatum,
1462 1062 1504 1124 et
1559 1039 1610 1127 ab
1659 1039 1731 1124 illo
1759 1039 1926 1129 clericali

250 1181 421 1264 militiae
448 1165 692 1293 adscriptum
728 1198 894 1292 narrat3
940 1193 1075 1291 postea
1116 1176 1412 1265 cisterciensem
1442 1179 1686 1264 Monachum
1725 1181 1800 1266 sub
1829 1181 1927 1267 Divi

249 1317 446 1404 Bernardi
474 1319 703 1433 disciplina,
731 1349 859 1440 eoque
889 1324 1143 1432 permittente
1179 1317 1221 1398 in
1250 1315 1509 1402 Palaestinam
1538 1319 1622 1406 loca
1663 1345 1792 1406 sancta
1830 1325 1921 1408 visi-

255 1459 368 1546 tandi
394 1475 531 1546 'caussa
560 1439 982 1579 peregrinum,ibique
1010 1464 1162 1578 aliquot
1190 1487 1261 1570 per
1292 1487 1412 1546 annos
1440 1459 1700 1544 Eremiticam
1729 1465 1851 1577 egisse
1872 1465 1928 1546 vi·

252 1623 340 1684 tarn
364 1663 375 1704 ‚
403 1600 576 1714 denique
604 1597 765 1718 adversa
795 1595 1039 1701 laborantem
1069 1597 1294 1686 valetudiue
1307 1663 1320 1705 ,
1345 1624 1385 1684 et
1413 1600 1466 1685 ad
1495 1606 1654 1715 propria
1682 1600 1929 1707 redeuntem,

260 1739 425 1824 Barium
456 1742 682 1854 appulisse,
711 1764 751 1827 et
778 1742 931 1827 viribus
960 1747 1125 1830 omnino
1154 1739 1283 1828 fractis
1320 1748 1362 1828 in
1390 1743 1544 1856 Crypta
1581 1743 1756 1858 quadam
1793 1774 1922 1858 prope

267 1881 514 1966 Meduueum
543 1877 781 2006 delituisse,
800 1883 936 1997 ibique
965 1882 1075 1970 diem
1104 1886 1285 1972 clausisse
1320 1910 1557 1971 extremum.
1586 1883 1693 1972 Haec
1722 1916 1841 1998 porro
1870 1907 1929 1971 est

260 2021 367 2108 Beati
399 2027 521 2108 nostri
550 2027 652 2108 vitae
689 2023 868 2110 historica
885 2026 1111 2140 vSynopsis3
1148 2021 1218 2110 sed
1256 2008 1424 2138 praestat
1452 2057 1474 2109 e
1504 2027 1699 2110 Damiauo
1743 2048 1924 2138 excerpta

263 2188 520 2251 monumenta
549 2165 773 2250 exscribere.
803 2167 908 2254 Hinc
936 2167 1204 2254 adnotationes
1240 2191 1390 2254 nostras
1418 2189 1458 2252 et
1485 2167 1561 2252 alia
1582 2165 1780 2282 quaedam
1817 2197 1924 2280 penu

263 2345 314 2398 ex
348 2328 482 2391 nostro
510 2303 703 2390 dabimus.
1564 2387 1570 2401 ,

377 2452 531 2570 Agmen
560 2445 706 2532 ducant
733 2443 968 2533 Altorfensis
996 2447 1226 2553 Monachus,
1254 2467 1295 2531 et
1322 2446 1583 2566 Uspergensis
1611 2448 1817 2536 Chronista
1845 2443 1916 2564 (r)

263 2593 321 2678 Et
348 2592 416 2676 ille
445 2588 611 2704 quidem
639 2592 839 2704 sequeutia
867 2594 1022 2703 scripsit
1051 2624 1093 2686 a
1131 2588 1340 2675 Conradus
1386 2595 1428 2676 in
1456 2590 1660 2677 Clericum
1707 2585 1924 2694 ordinatus,

271 2769 288 2810 a
322 2761 415 2815 cum
443 2728 519 2812 sub
546 2728 766 2840 puerilibus
796 2735 907 2815 annis
936 2729 1049 2816 domi
1077 2733 1281 2816 literarum
1319 2731 1462 2818 studiis
1491 2732 1801 2836 informaretur,
1822 2750 1932 2854 'tem-

251 2907 286 2948 ·»
320 2901 419 2984 pore
448 2891 603 2952 maturo
632 2867 857 2954 Coloniensi
888 2870 1193 2986 Archiepiscopo
1221 2873 1349 2957 altiori
1378 2871 1532 2979 studi0,
1551 2895 1591 2966 et
1610 2872 1818 2988 disciplina
1827 2873 1932 2958 clau-

268 3048 286 3090 a
319 3011 424 3094 strali
453 3001 683 3092 educandus
710 3011 982 3092 committitur.
1017 3006 1081 3110 Ibi
1120 3015 1161 3096 in
1193 3033 1365 3125 utroque
1403 3033 1559 3098 nutum
1600 3013 1796 3126 profecit,
1825 3033 1865 3096 et
1893 3041 1931 3096 a·

268 3189 286 3233 »
318 3155 380 3238 liis
409 3148 635 3251 virtutibus,
657 3153 751 3232 vitia
781 3147 1009 3255 declinans,
1039 3171 1193 3235 tantum
1223 3182 1264 3240 se
1291 3157 1524 3260 exornavit,
1560 3174 1608 3238 ut
1636 3154 1688 3240 ab
1715 3156 1826 3238 omui
1847 3153 1929 3270 ⁸cle·

261 3331 279 3375 »
313 3327 388 3400 ro,
416 3317 456 3378 et
485 3288 637 3404 populo
664 3307 891 3393 amaretur,
920 3311 959 3372 et
987 3290 1039 3375 ab
1065 3292 1255 3408 omnibus
1287 3323 1448 3380 summo
1482 3294 1631 3380 honore
1675 3291 1822 3410 diguus
1867 3297 1928 3376 itt·
1989 3321 1993 3336 ·

269 3475 288 3517 n
321 3431 529 3520 dicaretur.
560 3428 649 3541 Ipse
677 3458 772 3516 vero
802 3425 993 3536 honores,
1023 3428 1209 3538 divitias,
1236 3433 1400 3521 laudern
1419 3438 1635 3520 humanam
1656 3434 1931 3550 fugiens,qni·

264 3613 283 3656 a
315 3573 486 3662 busdam
506 3601 548 3656 se
563 3572 762 3658 monacbis
789 3577 971 3676 sociavit,
990 3603 1084 3658 curn
1117 3575 1283 3688 quihus,
1302 3555 1490 3660 omuibus
1518 3579 1601 3659 suis
1632 3573 1931 3690 ignorantibus,

262 3755 281 3798 a>
312 3715 600 3802 Clarat·allense
629 3713 913 3798 Monasterium
932 3713 1200 3836 adiit,ibique
1224 3715 1464 3800 Monachum
1484 3745 1525 3800 se
1546 3717 1649 3800 fecit
1666 3709 1822 3808 Deinde
1838 3743 1932 3825 pro·

261 3895 279 3937 a
312 3858 474 3944 cedente
501 3877 680 3967 tempore
696 3849 978 3940 'lerosolimam
1008 3857 1150 3968 petiit,
1179 3853 1248 3937 ubi
1277 3853 1440 3940 cuidam
1468 3885 1583 3940 servo
1611 3854 1686 3937 Dei
1707 3855 1749 3936 in
1780 3851 1933 3938 Eremo

261 4038 282 4080 a
313 4000 492 4084 manenti
520 3994 694 4080 adhaesit
722 3992 794 4110 (a).
822 3995 1003 4082 Tandem
1031 3996 1199 4082 sentiens
1227 4021 1268 4075 se
1297 3993 1471 4104 quadam
1499 3990 1730 4081 infirmitate
1759 4013 1931 4102 tactum,

1884 4219 1923 4249 aa

358 4364 417 4468 (r)
444 4365 544 4466 Apud
571 4363 761 4438 canisium.
790 4361 930 4466 Antiqu.
959 4363 1053 4437 lact.
1084 4361 1187 4438 Tom.
1216 4365 1269 4440 ΙΙ.

353 4496 411 4596 (2)
437 4498 492 4568 Au
518 4493 604 4567 sorte
629 4489 829 4564 Guilielmus
853 4491 908 4565 ille
931 4491 1029 4566 fuerit
1052 4489 1255 4566 celeberrimi
1281 4487 1429 4564 nominis
1453 4515 1493 4561 ea
1518 4501 1621 4563 aetate
1635 4488 1666 4563 in
1690 4488 1872 4565 Palaestina
1889 4519 1927 4566 c-

248 4625 418 4716 remita,
445 4625 503 4724 qui
528 4623 562 4692 in
584 4619 787 4720 Evangelii
809 4625 1049 4694 testimonium
1074 4631 1222 4692 montem
1248 4615 1313 4690 alio
1338 4613 1538 4690 transtulisse
1574 4615 1718 4691 lenus?
1741 4617 1929 4692 Videantur

249 4780 346 4856 ‘quae
372 4751 413 4825 de
438 4747 498 4826 illo
525 4747 695 4824 occasione
720 4745 863 4824 caelestis
887 4747 969 4848 ignis
983 4740 1238 4848 „thematymts
1262 4741 1410 4818 Sabbata
1434 4741 1559 4820 Sancto
1584 4741 1833 4841 decendentis,
1864 4743 1931 4816 hor

259 4879 524 4982 superindicta
549 4891 637 4953 not.

23 5539 383 5824 Q(
