4884 6692
577 1223 687 1292 Iulios
710 1217 809 1288 taber
833 1215 908 1286 dies
932 1215 989 1282 31.
1014 1220 1113 1286 Luae
1136 1215 1193 1283 3ο.
1219 1219 1262 1286 Si
1299 1221 1335 1284 in
1372 1219 1487 1289 altimo
1526 1246 1614 1296 anno
1638 1228 1727 1300 Cicli
1748 1229 1872 1300 lunaris
1895 1231 1991 1302 labet

822 1305 878 1371 nli.
905 1307 947 1374 ob
969 1306 1096 1376 saltum
1121 1304 1233 1377 lunae.
1260 1313 1339 1377 Nox
1370 1313 1461 1380 circo
1483 1314 1562 1384 idai
1584 1318 1681 1390 labet
1715 1319 1817 1390 horas
1844 1345 1895 1389 10.
1918 1324 1992 1393 dies

770 1419 900 1554 Oolaerris
923 1396 1121 1554 ¹Siloannis
1142 1483 1319 1578 baptistae.
1411 1492 1483 1564 leet.
1503 1497 1536 1565 3.

773 1579 936 1648 Visitotio
958 1577 1131 1683 gloriosae
1154 1583 1241 1684 ξένε.
1267 1578 1363 1673 dupl.
1386 1589 1497 1652 maius
1520 1600 1626 1660 totum
1652 1591 1750 1684 effic.
1774 1601 1808 1658 et
1824 1591 1875 1661 Sa.
1893 1605 1989 1663 mart.

817 1666 949 1735 Proces.
974 1680 1009 1740 et
1031 1667 1222 1740 Mantiniam
1313 1684 1402 1738 orat.
1426 1673 1504 1744 leet.
1530 1677 1565 1744 3.

774 1846 930 1918 hannani
954 1862 1050 1918 mart.

775 1936 916 2005 Domitii
939 1949 1031 2004 mart.

774 2025 900 2096 Octava
924 2023 1117 2120 Apostolor.
1142 2026 1232 2094 Petri
1253 2039 1288 2095 et
1308 2027 1402 2099 Pauli
1426 2013 1521 2132 dupl.
1548 2041 1604 2106 mi.
1697 2054 1781 2110 orat.
1806 2038 1880 2109 lect.
1908 2039 1939 2106 3.

773 2116 904 2190 Claudii
927 2119 1125 2202 Nicostrati,
1152 2125 1400 2189 cesennam.

774 2210 932 2304 Procopii
954 2219 1052 2276 mart.

772 2299 903 2368 Octava
927 2299 1117 2368 visitationis
1207 2296 1301 2390 (lupi.
1326 2302 1385 2365 mi.

546 2446 556 2465 .
770 2391 908 2486 Septem
930 2390 1087 2458 Fratrum
1109 2399 1206 2458 mart.
1299 2405 1390 2459 orat.
1415 2391 1493 2464 leet.
1519 2395 1553 2464 3.

400 2473 407 2488 '
508 2485 556 2556 ’.
652 2501 654 2506 ·
772 2483 823 2548 Pii
851 2505 912 2574 pp.
939 2494 972 2549 et
993 2491 1092 2546 mart.
1183 2494 1269 2547 orot.
1295 2481 1369 2548 lert.

772 2569 914 2639 Nahoris
937 2584 970 2640 et
993 2569 1111 2638 Felicia
1136 2580 1234 2636 mart.
1328 2585 1418 2638 orat.
1442 2572 1518 2643 lect.
1544 2575 1578 2642 3.

771 2661 921 2731 Anacleti
941 2687 1004 2756 pp.
1016 2672 1052 2729 et
1063 2669 1162 2730 mart.
1187 2684 1233 2728 or.
1248 2658 1273 2726 l.
1299 2668 1332 2726 et
1349 2660 1594 2734 Bonaventurae
1608 2689 1664 2760 ep.
1689 2679 1724 2736 et
1734 2670 1822 2738 oons.
1847 2693 1898 2740 or.
1911 2668 1934 2736 l.
1950 2671 1982 2738 3.

1131 2753 1215 2820 Dies
1237 2750 1464 2822 Caniculam.

855 2843 1020 2935 Incipiunt
1040 2841 1124 2912 Iulii
1143 2841 1256 2934 pridie
1277 2841 1357 2910 ictus
1380 2846 1587 2917 caniculares
1619 2864 1651 2920 et
1670 2848 1779 2943 pridie
1803 2872 1908 2918 nonas
1930 2874 1983 2918 se·

807 2937 965 3027 ptemlris
974 2934 1246 3025 fineresultant.

509 3021 622 3090 ldihns
766 3028 897 3092 Divisio
922 3024 1155 3116 Apostolorum
1174 3047 1237 3116 per
1258 3036 1361 3096 totum
1385 3023 1495 3094 orbem
1541 3053 1588 3099 or.
1613 3031 1637 3102 l.
1660 3053 1697 3122 9.
1744 3044 1778 3100 et
1800 3029 1927 3120 Quirici
1949 3040 1983 3098 et

811 3115 941 3182 lulittae
1032 3128 1119 3182 orat.
1145 3114 1222 3186 lect.
1250 3113 1283 3182 3.

510 3195 579 3270 kal.
604 3205 749 3296 Augusti
770 3201 938 3273 Eustachii
959 3228 1014 3296 ep.
1040 3216 1074 3271 et
1096 3205 1184 3276 cont.
1277 3202 1353 3272 lect.
1379 3203 1412 3270 3.

511 3287 582 3361 kal.
775 3297 942 3362 Marianae
962 3299 1045 3381 virg.
1078 3309 1166 3364 orat·
1191 3294 1268 3362 leet.
1294 3296 1328 3362 3.
1353 3304 1387 3359 et
1408 3292 1443 3362 S.
1466 3289 1573 3362 ttexii
1595 3299 1684 3367 conf.
1729 3296 1794 3367 Sol
1817 3299 1851 3364 in
1875 3296 1978 3368 leone.

505 3378 577 3541 pap.
772 3385 1015 3481 symphorosae
1038 3409 1114 3462 cum
1137 3407 1170 3490 p.
1197 3383 1271 3460 filiis
1293 3392 1389 3457 mart.
1480 3386 1556 3453 leet.
1582 3389 1615 3458 3.

533 3500 574 3545 a.

503 3551 580 3635 lsai.'
767 3566 966 3654 Margaritae
986 3566 1071 3653 virg.
1096 3577 1131 3633 et
1151 3577 1249 3632 mart.
1342 3577 1432 3635 orat.
1456 3562 1530 3634 lect.
1555 3590 1591 3656 9.

504 3651 574 3724 kat.
764 3657 919 3728 Praxedis
941 3657 1026 3743 virg.
1118 3669 1206 3725 orat.
1229 3654 1304 3724 leet·

504 3741 574 3814 kal.
762 3753 893 3816 Mariae
914 3746 1140 3840 Magdolenoe
1253 3743 1372 3816 semtd.
1395 3759 1497 3816 totum
1520 3741 1614 3840 offic.

502 3831 572 3910 kat.
765 3836 969 3906 Aollinan‘s
992 3840 1059 3928 epi.
1085 3849 1119 3904 et
1141 3847 1238 3905 mart.
1331 3850 1419 3905 orat.
1445 3836 1519 3904 lect.
1545 3846 1580 3910 3.

501 3916 570 3996 kal.
765 3863 947 3996 citissime
970 3930 1055 4016 virg·
1080 3939 1114 3998 et
1135 3939 1233 3996 mart.
1326 3926 1513 3996 orantem.
1538 3929 1572 3999 3.
1668 3929 1812 4023 Vigilia.

301 4014 380 4084 Vlll
500 4013 570 4096 kal.
761 4019 879 4091 Iaeoli
903 4018 1060 4113 Apostoli
1106 4017 1273 4180 'dapalex
1296 4021 1352 4084 mi.
1375 4031 1479 4086 totam
1503 4021 1600 4114 offic.
1689 4039 1726 4088 et
1746 4017 1975 4110 christophori

804 4122 903 4177 mart.
993 4122 1080 4177 orat.
1120 4123 1179 4175 eet.
1231 4154 1240 4173 .

303 4195 362 4268 vlt
498 4197 567 4270 tat.
761 4203 883 4266 Annae
905 4201 1022 4268 matris
1042 4199 1215 4289 gloriosae
1236 4196 1319 4288 virg.
1344 4195 1439 4284 dupl.
1466 4202 1524 4267 mi.
1548 4213 1650 4270 totum
1673 4199 1770 4298 ffe.
1817 4198 1970 4266 etVene·

804 4311 860 4356 rae
882 4289 966 4375 virg.
991 4299 1025 4356 et
1045 4299 1142 4358 merl.
1233 4302 1315 4358 orat.
1339 4285 1414 4360 lect·
1440 4287 1473 4356 3.

299 4377 349 4443 vl
499 4376 569 4446 kal.
755 4377 987 4448 Penthaleonia
1010 4403 1056 4444 m.
1089 4380 1114 4444 l.
1150 4389 1184 4446 et
1206 4392 1331 4538 septem
1355 4388 1451 4445 mart.
1476 4379 1712 4450 dormientium
1753 4405 1805 4452 or.
1830 4378 1905 4448 leet.
1932 4376 1965 4454 3.

299 4467 327 4528 V
494 4466 563 4535 kat.
758 4469 890 4536 Nazarii
913 4469 998 4537 Celsi
1021 4463 1163 4538 Victori·
1185 4482 1220 4538 et
1260 4470 1427 4538 onocentii
1451 4484 1548 4541 mart.
1642 4481 1729 4543 orat.
1754 4473 1832 4544 leet.
1860 4469 1893 4538 3.

300 4553 365 4624 1111
492 4556 562 4627 tat.
757 4560 908 4627 marsnae
931 4558 1021 4646 vag.
1069 4573 1154 4628 orat.
1179 4560 1255 4630 tect.
1280 4563 1314 4630 a.
1350 4569 1385 4625 et
1406 4559 1525 4632 Felicis
1546 4589 1608 4660 pp.
1633 4574 1668 4638 et
1689 4577 1785 4637 met.
1833 4559 1907 4634 tert.
1935 4553 1967 4626 3·

805 4662 839 4717 et
860 4649 1020 4740 Simplicii
1045 4660 1079 4716 et
1099 4650 1219 4718 socier.
1308 4662 1392 4718 orat.
1417 4651 1492 4720 lect.
1518 4655 1554 4724 3.

303 4730 352 4798 lll
477 4736 559 4809 «tat.
752 4736 876 4807 Ahdon
898 4751 933 4806 et
955 4741 1087 4807 Sennen
1112 4751 1209 4806 mart.
1303 4753 1392 4808 oret.
1417 4741 1493 4812 leet.
1522 4747 1555 4819 3.

300 4821 392 4906 trid.
487 4825 555 4912 kal.
758 4826 918 4916 ,Germaoi
941 4835 1008 4938 epi.
1033 4841 1068 4900 et
1089 4829 1175 4912 pons.
1269 4849 1320 4900 or.
1344 4828 1418 4900 leet.
1438 4833 1480 4965 3.
