4846 6622
974 476 991 591 (
1023 503 1104 588 2¹9
1133 475 1150 593 )

337 665 472 756 Nullis
500 676 604 744 certe
632 653 792 772 probari
821 650 1093 734 monumentis
1120 663 1249 758 potest
1276 661 1366 730 ante
1393 639 1598 730 Christum
1634 658 1803 750 natum,
1834 645 1898 772 vel

224 807 362 922 primis
391 805 511 888 etiun
540 797 738 882 Ecclesiae
766 785 930 877 saeculis
958 787 1216 904 Amalplriam
1259 792 1438 893 stetisse3
1473 805 1628 870 certum
1673 807 1803 872 tamen
1841 809 1900 873 est

222 949 264 1038 S.
298 943 484 1059 Gregorii
513 923 651 1054 Magni
678 953 801 1018 aetate
833 931 885 1020 V
878 933 909 1019 l
938 926 1123 1016 videlicet
1141 927 1296 1014 saeculo
1320 958 1400 1014 non
1419 924 1623 1014 conditam
1637 945 1793 1014 tantum
1807 929 1900 1012 fuis-

222 1120 296 1197 se,
323 1087 394 1174 sed
422 1103 462 1169 et
490 1074 719 1194 Episcopali
748 1080 866 1160 etiam
896 1067 1092 1157 Cathedra
1121 1087 1309 1154 ornatam.
1340 1064 1391 1153 ld
1418 1087 1459 1154 et
1478 1099 1527 1154 ex
1546 1069 1729 1155 eiusdem
1744 1069 1780 1152 S.
1803 1067 1902 1155 Gre-

222 1237 328 1352 gorii
356 1222 536 1340 Epistola
564 1221 700 1304 Mense
728 1217 912 1304 Ianuario
941 1211 1162 1298 Indictione
1190 1210 1313 1298 XIV
1330 1209 1452 1315 data,
1490 1229 1531 1295 et
1567 1239 1670 1324 quae
1697 1241 1719 1294 a
1748 1209 1903 1310 Gratia-

224 1405 283 1459 no
311 1397 475 1484 quoque
503 1364 623 1452 relata
653 1365 731 1448 fuit
759 1357 907 1475 (Ceus
937 1357 1030 1444 Vll.
1059 1349 1196 1458 Quest.
1225 1349 1316 1465 V.)
1345 1349 1462 1462 plana
1491 1352 1628 1469 liquet
1656 1351 1706 1436 ln
1721 1381 1765 1436 ea
1793 1360 1902 1442 enim

226 1513 463 1626 Pigment'us
501 1499 800 1616 reprehenditur
829 1496 1139 1614 AErwlplu'tanae
1167 1492 1366 1580 Ecclesiae
1393 1489 1648 1610 Episcopus,
1685 1495 1799 1614 quod
1834 1529 1904 1586 sua

227 1650 402 1738 residere
430 1653 472 1734 in
501 1645 675 1730 Ecclesia
711 1644 935 1762 negligeret.
963 1637 1048 1725 Nec
1072 1666 1180 1728 ,vero
1209 1637 1445 1753 Pigmenirtr
1482 1642 1636 1752 primus
1665 1641 1904 1758 melphiae

230 1791 459 1906 Episcopus
484 1783 690 1874 habendus
718 1788 822 1892 erit3
861 1782 907 1868 id
935 1782 1080 1868 etenim
1109 1779 1146 1862 S.
1174 1779 1355 1866 Pontifex
1393 1783 1589 1893 expressis
1620 1779 1751 1866 verbis
1787 1779 1906 1868 dixis-

231 1955 301 2020 set.
321 1931 376 2020 Ni
404 1929 536 2046 aliqua
565 1949 699 2012 autem
727 1947 880 2038 praeter
899 1920 1140 2028 naturalem,
1168 1919 1446 2037 usitatumque
1468 1911 1605 2008 rerum
1619 1947 1779 2009 cursum
1799 1922 1906 2008 ordi·

232 2101 411 2186 nemque
439 2069 666 2185 adsignetur
693 2093 846 2170 caussa,
874 2062 988 2149 nullo
1015 2063 1181 2180 intelligi
1211 2065 1356 2175 poterit
1384 2063 1538 2170 modo,
1568 2064 1707 2172 unde,
1734 2055 1827 2150 mox
1853 2066 1907 2152 fe·

234 2245 279 2301 re
305 2237 353 2302 ut
380 2208 540 2314 condita
570 2206 780 2322 maniplis
824 2227 928 2291 tanta
965 2209 1098 2290 statim
1126 2203 1336 2288 hominum
1365 2203 1588 2320 frequentia
1615 2230 1726 2293 aucta
1754 2208 1908 2313 luerit,

235 2377 284 2442 ut
300 2359 337 2442 ei
350 2355 536 2466 proprius
564 2349 865 2436 constitueretur
893 2348 1131 2464 Episcopus.
1158 2343 1485 2458 Amalphitanum
1513 2342 1742 2458 Chronicon
1770 2349 1906 2436 fortas·

236 2523 281 2587 se
308 2523 394 2578 rem
422 2511 547 2578 totam
572 2495 727 2604 aperiet
1060 2601 1064 2610 ,
1949 2475 1957 2487 ’

233 2721 236 2730 ,
352 2631 464 2722 Illud
492 2633 570 2720 fuit
597 2631 823 2720 Chronicon
850 2663 872 2716 a
900 2628 1037 2718 Claris.
1065 2629 1285 2719 Muratorio
1313 2636 1493 2746 primum
1520 2631 1697 2735 eduum,
1717 2629 1909 2716 deindea

240 2771 378 2862 Clario
404 2773 583 2860 Pelliocia
602 2803 796 2860 recusum
825 2771 1020 2880 Quamvis
1047 2801 1143 2857 vero
1171 2779 1213 2860 in
1240 2773 1471 2860 huiusmodi
1490 2773 1689 2859 Chronico
1706 2770 1838 2885 aliqua
1856 2775 1915 2856 vi·

241 2922 296 3006 ris
323 2917 490 3004 eruditis
517 2951 539 3002 a
567 2946 664 3004 vero
691 2915 907 3003 aberrantia
935 2911 1017 3031 legi
1046 2921 1129 3004 visa
1156 2916 1335 3027 fuerint3
1363 2921 1418 3006 ita
1448 2938 1581 3003 tamen
1609 2947 1683 3003 nos
1710 2941 1909 3028 eompara-

244 3081 308 3148 tos
321 3062 566 3167 fatemur‚ut
579 3059 648 3142 ubi
667 3057 790 3173 phara
808 3059 1102 3173 nitent‚pauct‘s
1129 3085 1211 3143 uon
1237 3053 1503 3173 fiendam
1521 3035 1700 3142 maculis.
1720 3053 1828 3139 Haec
1847 3084 1914 3140 au·

244 3223 328 3294 tem
356 3223 460 3306 sunt,
480 3229 581 3316 quae
608 3203 649 3284 in
678 3197 878 3286 antedicto
905 3215 1113 3282 narrantur
1140 3195 1338 3283 Chronico
1357 3200 1489 3288 Νονα
1507 3227 1535 3279 a
1558 3197 1814 3284 consanum
1827 3225 1913 3279 ma·

242 3376 326 3464 grta
353 3341 515 3432 condita
543 3345 707 3447 Romo,
744 3369 837 3426 cum
865 3335 1071 3424 matamala
1100 3333 1321 3424 Procerum
1347 3343 1559 3428 Romanae
1581 3345 1714 3459 gentis
1741 3340 1802 3458 (r)
1825 3358 1919 3455 pro-

168 3629 171 3638 .
244 3569 398 3664 flaturae,
426 3547 642 3670 Campsores,
659 3573 729 3648 sive
754 3570 966 3671 Apotlrecarli
991 3573 1026 3644 in
1049 3585 1245 3673 perpetuum
1270 3571 1461 3674 gaudeatis,
1487 3585 1525 3650 ut
1549 3569 1636 3646 nulla
1662 3566 1839 3665 conditio(
1856 3567 1926 3638 Po·

246 3703 408 3802 regrinius
433 3703 512 3802 legit
540 3701 759 3805 conatam)
783 3701 827 3782 de
850 3710 997 3802 personis
1021 3723 1055 3787 et
1079 3709 1182 3788 rebus
1204 3706 1344 3802 vesus,
1371 3706 1441 3781 sive
1465 3703 1624 3779 heredum
1641 3718 1674 3780 et
1698 3719 1920 3776 successuum

246 3841 440 3910 vestrorum
465 3828 704 3926 negotiatorum
729 3830 768 3906 in
790 3829 929 3932 Neapoli
953 3832 1170 3913 habitantium
1193 3839 1400 3940 requiram,
1414 3837 1498 3910 sirm
1522 3861 1589 3911 non
1614 3833 1790 3936 requiritur
1812 3827 1854 3900 de
1872 3826 1920 3900 ci·

246 3953 350 4034 vibus
361 3955 595 4060 Neapolitanis.
623 3955 660 4032 Sl
686 3957 744 4032 cui
766 3958 918 4057 patientia
942 3987 1009 4039 non
1031 3962 1146 4059 duta,
1171 3962 1447 4064 quamplurimas,
1465 3985 1546 4067 quas
1570 3989 1610 4040 er
1636 3957 1830 4058 Amalphiac
1857 3957 1921 4034 Ar

248 4083 354 4162 cuivis
377 4082 546 4182 vulgavit,
563 4083 699 4162 chartas,
712 4081 863 4182 legendi,
889 4084 1012 4189 hasque
1035 4115 1114 4164 cunr
1139 4087 1427 4191 Melplrictensibus
1450 4090 1589 4168 Tabulis
1612 4091 1768 4187 conferat,
1795 4095 1822 4166 is
1846 4116 1922 4190 pro·

251 4213 338 4287 fecto
363 4210 504 4284 inveniet
529 4213 723 4313 quamplura
747 4209 944 4293 familiarum
968 4219 1103 4298 nomina
1127 4218 1211 4300 inter
1235 4233 1409 4326 utramque
1432 4222 1599 4301 civitatem
1625 4221 1747 4315 uisse,
1769 4223 1813 4296 'ot
1838 4247 1919 4297 esse.

253 4341 407 4442 Longum
433 4349 542 4410 terere
566 4339 747 4440 catalogum
772 4343 870 4442 piget.
1366 4341 1370 4348 ’

355 4465 414 4571 (ι)
440 4463 654 4540 Procerwn.
682 4471 737 4544 An
769 4470 900 4551 sortase
923 4472 1010 4549 istud
1032 4475 1197 4576 scriptoris
1220 4481 1330 4556 nluna-
1347 4505 1431 4582 erga·
1451 4479 1595 4556 Patriam
1637 4485 1753 4558 amori·
1772 4480 1920 4558 tribuan-

260 4596 374 4674 dum?
400 4597 480 4672 Non
504 4593 657 4700 equidem
682 4597 880 4676 Proceribus
901 4603 1060 4684 Romanis
1083 4633 1125 4684 ex
1157 4631 1224 4682 uno
1249 4581 1429 4708 Naulragio
1463 4608 1609 4690 funditus
1641 4635 1738 4687 omne
1768 4609 1919 4706 deperdi-

259 4737 332 4812 tum
353 4722 468 4800 fuisset
500 4727 757 4826 patrimonium,
785 4743 824 4804 ut
848 4729 1160 4834 Constantinopolin
1185 4761 1246 4814 nee
1271 4738 1466 4837 maritimo,
1500 4765 1560 4819 nac
1585 4741 1684 4813 etiarn
1707 4735 1846 4834 pedasus
1871 4737 1923 4810 iti·

243 4873 338 4968 ¹pere
364 4861 473 4952 petere
499 4855 690 4956 potuissent.
720 4851 1147 4966 Summuranum,
1175 4865 1385 4969 quamplures
1409 4861 1575 4946 Rommos
1600 4867 1823 4966 Romanisque
1847 4871 1921 4946 fi'oi-
