4914 6610
1021 590 1041 711 (
1074 594 1199 719 ¹4³¹)

257 770 390 876 tabit,
419 786 466 853 ut
495 774 600 885 quae
628 763 681 854 ad
709 793 797 852 rem
824 771 877 860 de
905 805 985 894 qua
1013 769 1168 889 agrinius
1195 790 1427 889 argumento
1455 767 1636 860 edueere·
1656 769 1788 860 liceat·
1811 772 1972 866 Turris·

253 916 531 1029 campanariae
560 911 667 1024 stylo
694 918 963 1030 superpositae
980 915 1165 1032 {ormam
1181 915 1458 1000 tostensorium
1487 935 1670 1002 nostrum
1700 915 1849 1023 habet,
1877 923 1951 1006 soi·

256 1071 518 1168 tumque-est
546 1049 610 1137 vel
641 1055 665 1138 e'
692 1051 740 1136 S·
759 1051 945 1172 Gregorii
973 1053 1492 1166 Turonensis-temporibus
1501 1055 1642 1143 Turris
1660 1055 1849 1144 sormam
1876 1058 1950 1144 SS:

258 1193 451 1310 Corporis
490 1191 640 1281 Christi
678 1199 961 1308 repositorium·
996 1195 1187 1284 habuisset
1223 1197 1332 1282 Basis
1370 1218 1434 1284 est·
1464 1202 1571 1286 satie·
1593 1198 1736 1314 ampla·
1766 1231 1833 1286 ex·
1862 1227 1964 1288 aere:
2060 1237 2063 1245 ·

258 1335 480 1442 deuorato,
520 1339 563 1422 iu
591 1365 673 1452 qua
702 1366 785 1450 per·
801 1365 948 1452 gyrum
978 1335 1229 1454 anaglyptico
1257 1367 1402 1450 opere‘
1416 1367 1484 1441 sert
1498 1361 1623 1426 sunt
1644 1337 1822 1452 sculptae
1851 1341 1953 1428 ima-

258 1485 369 1600 giues
397 1480 635 1565 Sanctorum
663 1477 856 1564 m'mbum
889 1507 1010 1592 super
1036 1481 1159 1594 capita
1202 1477 1437 1564 lrnbbutium
1455 1509 1457 1514 ·
1473 1477 1772 1596 adscriptisque·
1805 1511 1950 1569 eorum

258 1619 500 1710 nominibus
528 1621 595 1706 Ex
623 1641 735 1734 parte
761 1621 887 1705 antica
914 1623 1048 1738 imago
1067 1625 1195 1735 *primi
1223 1623 1325 1708 hano
1343 1620 1772 1737 bobetinscn'ptionom
1791 1623 1833 1711 S.
1851 1607 1954 1716 Mai

262 1777 348 1848 oteo
375 1758 467 1877 (sic
485 1758 504 1876 )
519 1759 596 1844 'cx‘
611 1763 759 1874 postica
787 1790 884 1846 veto
910 1759 1030 1846 altera
1047 1789 1154 1846 tcum
1183 1759 1256 1846 boc
1285 1761 1333 1848 S:
1358 1761 1573 1872 Conrado3
1610 1763 1827 1853 hincinde
1855 1767 1952 1856 dex·

259 1931 435 1995 trorsutn
463 1901 656 2014 imagines
683 1900 918 1987 Sanctorum
948 1903 1085 2004 Peter„
1114 1903 1339 2008 essonae,
1357 1887 1585 2020 eodemne
1603 1905 1735 1993 modo
1752 1912 1948 1998 sinistror⁴

258 2080 351 2140 snm
379 2051 436 2134 Ss
466 2043 627 2150 Marci,
648 2062 689 2128 et
717 2041 868 2128 Ioanne
895 2041 986 2158 (sic
1004 2041 1032 2159 l.
1060 2044 1101 2128 E
1128 2043 1221 2129 basi·
1239 2050 1404 2161 assurgit
1434 2046 1879 2170 columella·2hexagona
1908 2077 1966 2140 et¹

259 2225 309 2281 ex
337 2213 501 2312 argento
529 2187 649 2305 (quo
676 2185 879 2301 reliquum
909 2205 1041 2268 totum
1069 2185 1612 2304 est·oouflatum··opus)'et
1632 2195 1674 2275 in
1703 2194 1948 2284 eiusmodi'o

264 2335 392 2420 veluti
421 2329 530 2417 nodo
557 2325 738 2444 quodem
765 2323 965 2428 circulari,
982 2317 1326 2410 adfitaraedtcuta
1355 2348 1416 2412 est
1442 2332 1569 2430 etiam⁴
1593 2329 1796 2450 hexagona
1814 2337 1951 2424 ‘otior-

260 2481 350 2564 nioe
376 2495 507 2580 tecta,
535 2473 704 2556 exterius
731 2497 828 2555 veno
855 2469 956 2553 circa
997 2464 1116 2552 illam·
1151 2497 1218 2553 sex
1232 2489 1459 2585 argenteae·
1477 2490 1574 2554 sunt
1602 2492 1756 2559 statuae
1786 2475 1966 2564 Sancto·

262 2645 380 2723 rum,
408 2618 481 2730 qui
509 2616 693 2730 quamvis
721 2608 880 2697 nullum
909 2605 1350 2721 babeont'adsoriptum
1388 2639 1569 2720 nomeu,
1612 2615 1674 2700 ab·
1693 2646 1836 2701 eornm
1880 2648 1947 2704 ver

264 2778 333 2844 sto¹
351 2779 484 2841 tumen
512 2757 729 2866 ceterisque
757 2749 942 2845 indiciis,
969 2746 1081 2833 facile
1108 2750 1422 2856 erit‘ooniioere,
1441 2782 1554 2867 -qoos
1568 2777 1954 2867 repraesentantem·
1988 2765 1992 2772 '

265 2897 385 2986 luerit
412 2893 584 2983 Artifex.-
605 2892 755 2979 Omnes
781 2894 931 2976 Tunica
940 2889 1313 2992 Frontisoauorum,
1340 2910 1389 2972 ut
1415 2911 1473 2976 est
1501 2889 1814 3000 homanorum,
1843 2925 1972 3010 quos·

262 3041 524 3129 Observantes
554 3029 1196 3139 vocant‚induti·suut‚omnesqoe
1214 3026 1354 3113 nimbo
1373 3043 1566 3115 ornantur
1583 3035 1626 3120 iu
1644 3039 1780 3148 capite.
1792 3033 1944 3122 Omnes

245 3183 391 3298 'aeque
408 3179 584 3294 palmum
614 3180 656 3260 in
683 3173 869 3260 manibus
893 3169 1149 3271 habent‚uuo
1175 3172 1440 3283 exoepto‚qui
1458 3169 1603 3258 titium
1632 3203 1756 3261 manu
1783 3169 1969 3262 dextere

268 3315 669 3422 tenetEorum‚duo
688 3317 762 3430 qui
790 3313 965 3429 palmam
994 3304 1195 3394 manibus
1209 3329 1361 3423 gestant
1388 3339 1536 3398 serram
1564 3315 1710 3402 babent
1723 3320 1780 3402 'in
1799 3323 1947 3436 capite,

265 3457 364 3546 alter
390 3456 553 3544 videtur
581 3455 887 3573 tribus-sagittis
913 3449 1139 3550 confossus,
1178 3449 1277 3536 alter
1305 3481 1441 3542 ensem
1484 3477 1677 3542 monstrat
1711 3481 1852 3577 guttur
1889 3461 1962 3550 fe·-

266 3604 466 3704 rientam,
493 3621 721 3712 postremus
745 3594 920 3710 denique
947 3590 1050 3679 duos
1077 3590 1203 3680 habet·
1224 3597 1450 3715 globulares
1477 3596 1629 3710 lapides
1665 3628 1785 3714 supra
1813 3621 1942 3714 caput.

266 3741 388 3827 Facili
417 3742 509 3826 hinc
535 3743 692 3856 negotio
719 3741 874 3824 eruitur
901 3733 1187 3820 stannatum
1207 3738 1447 3824 Patauinum
1476 3743 1951 3855 repraesentari,et·quin'-·

268 3917 363 4005 que·
388 3885 662 3994 Erancisranos
698 3879 922 3987 Martyres,
956 3878 1030 3992 qui
1071 3874 1181 3992 apud
1219 3881 1469 3970 Meroobium
1507 3883 1685 3969 illustre'·
1704 3882 1946 3991 martyrium

267 4029 453 4114 feoerunt.
471 4024 613 4109 Turris
639 4017 816 4136 deniquo
842 4021 917 4132 ipsi
945 4017 1180 4105 columellae
1209 4018 1340 4108 adfixa
1369 4021 1533 4129 insidet,
1560 4035 1599 4106 et
1616 4017 1796 4136 'quidem
1813 4020 1944 4102 ‘etiam

266 4169 492 4283 hexagono,
519 4163 709 4250 lateribus
736 4163 823 4247 eins
849 4157 1013 4248 duobus
1037 4164 1185 4270 noune,
1212 4184 1253 4250 et
1272 4168 1419 4279 postioe
1439 4163 1659 4252 latioribus.
1678 4158 1829 4246 Tribus
1842 4187 1939 4246 oon·

264 4329 343 4393 stat
367 4308 712 4424 contignationum
741 4301 959 4392 ordinibus
988 4301 1159 4389 biferior
1194 4303 1339 4422 templi
1376 4303 1603 4394 testudinati
1636 4302 1810 4390 formam
1837 4297 1944 4386 exbi-

264 4449 332 4534 bet
349 4501 370 4554 ·‚
398 4451 563 4533 arcuatis
585 4447 768 4532 ¹fenestris
796 4448 947 4532 circum
973 4446 1119 4560 apertis
1138 4465 1187 4535 -et
1201 4448 1424 4568 ‘pellucido
1451 4451 1557 4534 vitro
1585 4449 1705 4534 tectis
1724 4443 1813 4530 -Hi'c
1839 4465 1970 4526 soora·

265 4595 528 4711 reponebatur
548 4589 705 4676 Hostis.
733 4584 891 4689 Altera,
918 4611 1024 4702 qrttte
1048 4615 1169 4706 supra
1185 4595 1370 4707 pri-mam
1398 4591 1575 4708 exsurgit
1601 4583 1841 4704 contignatio
1868 4587 1944 4670 mi·

266 4734 567 4854 noeisquidem
592 4728 900 4849 amplitudinis,
926 4729 998 4818 sed
1025 4729 1208 4819 eiusdem
1234 4728 1317 4816 fere
1343 4727 1527 4838 formae,
1562 4727 1770 4820 fenestrata
1798 4740 1858 4808 est
1884 4739 1941 4802 et·

268 4883 380 4983 iam,
407 4881 512 4963 intus
548 4879 736 4993 imagines
772 4873 891 4962 babet
918 4873 1011 4962 Iesu
1037 4871 1196 4994 Christi·
1214 4863 1435 4975 Crucifixi,
1462 4897 1615 4956 necnon
1640 4887 1682 4952 et
1722 4861 1768 4946 tt
1796 4853 1945 4942 Mariae

267 5015 469 5134 Virginis,
497 5038 536 5104 et
562 5017 600 5102 S.
628 5017 795 5104 Ioannis
824 5013 873 5102 lu
900 5016 1099 5134 superiori
1127 5007 1303 5126 denique
1329 5007 1450 5093 ultera
1476 5011 1596 5101 etiam
1631 5003 1765 5090 minus
1792 4988 1939 5110 amplo,

23 5755 100 5821 ..,
120 5541 420 5961 ,ψ
