4884 6692
1277 575 1397 696 (2)

417 743 426 764 '
506 783 577 838 nos
608 755 741 869 vagari
769 754 860 866 quis
887 750 1092 838 accusabit.
1131 749 1383 864 Quamplura
1426 750 1537 835 enim
1573 767 1805 866 argumenta
1849 749 2045 858 suadent,
2082 779 2186 868 quae

505 889 604 974 olim
642 889 944 1004 Hierosolymae
987 891 1218 996 seruabatur
1269 891 1475 1008 liturgia,
1523 919 1612 976 earn
1653 887 1706 976 ad
1742 889 2011 980 Barolitanam
2027 889 2186 984 (Eccle-

506 1037 604 1132 siam
652 1032 689 1115 S.
726 1033 932 1144 Sepulchri
960 1026 1184 1114 traductam
1226 1028 1385 1137 fuisse,
1428 1052 1468 1117 et
1507 1032 1609 1116 olim
1657 1032 1798 1117 saltem
1834 1031 2096 1128 Ptolemaide„
2128 1065 2188 1120 ca-

507 1192 574 1285 pta
603 1174 645 1258 in
682 1201 759 1257 usu
787 1169 1081 1255 Canonioorum
1118 1191 1157 1254 et
1185 1168 1434 1257 Clerioorum
1471 1168 1654 1257 eiusdem
1695 1171 1940 1256 Barolitanae
1987 1166 2185 1258 Ecclesiae

503 1312 632 1400 fuisse.
660 1313 716 1431 In
737 1307 978 1428 Kalendario
1005 1307 1206 1428 equidem,
1233 1309 1347 1425 quod
1373 1307 1515 1414 Codici
1543 1311 1719 1417 affixum,
1748 1309 1863 1423 plura
1901 1309 2090 1425 leguntur
2117 1307 2186 1395 ad·

504 1454 676 1542 modum
689 1464 691 1466 ’
704 1457 910 1540 recentiori
938 1483 1062 1538 mauu
1088 1450 1252 1559 addita,
1280 1471 1421 1563 utpote
1453 1451 1506 1541 V
1523 1449 1801 1538 latebram.
1831 1453 1871 1536 S.
1909 1451 2053 1536 Sabini
2085 1453 2183 1567 Epi·

503 1597 623 1707 scopi,
652 1595 727 1685 XI
745 1594 834 1680 Kal.
861 1593 996 1679 Martii
1025 1595 1066 1679 S.
1096 1593 1273 1700 Barbati,
1306 1592 1426 1682 VIII
1443 1591 1504 1679 ld.
1532 1592 1627 1709 Maj
1656 1593 1903 1680 Inventionis
1933 1595 2181 1682 &Michae-

503 1733 572 1839 lir,
600 1758 639 1820 et
667 1735 733 1822 die
751 1740 931 1852 sequenti
957 1735 1250 1822 Trartshatt'om's
1279 1732 1510 1822 &Mertai
1534 1755 1626 1821 tum
1654 1759 1694 1821 et
1722 1739 1821 1826 IIII
1839 1732 1938 1822 Idus
1965 1737 2183 1825 temtu-

502 1867 564 1987 di,
599 1876 716 1965 VIII
735 1875 827 1964 Καὶ
855 1877 1106 1968 Novembris
1134 1875 1206 1960 SS.
1236 1877 1385 1962 Mauri
1413 1875 1621 1989 Pomistcts
1649 1863 1786 1994 Sergii
1819 1897 1857 1963 et
1897 1877 2183 1986 Pammenis,

501 2023 677 2136 denique
708 2020 780 2107 III
806 2016 895 2102 Kal
924 2017 1006 2104 lan.
1035 2015 1073 2102 S.
1102 2017 1271 2127 nogent·
1296 2019 1488 2135 Episcopi
1529 2015 1744 2104 Cannensis
1774 2024 1936 2106 nomina
1966 2022 2186 2140 legunturr

397 2223 400 2234 -
501 2197 603 2280 quae
632 2165 783 2275 absque
811 2155 938 2248 dubio
965 2189 988 2243 a
1015 2157 1245 2246 Barottunis
1283 2163 1434 2252 adiecta
1465 2161 1638 2246 filerunt.
1673 2161 1863 2252 Ceterum
1900 2169 2027 2254 varias
2065 2171 2185 2251 variis

502 2303 749 2420 temporibus
777 2331 920 2388 manus
958 2324 1167 2417 expertum
1195 2307 1317 2395 fuisse
1344 2297 1653 2408 Rammium,
1682 2307 1817 2418 ipsum
1846 2305 1994 2392 videnti
2024 2329 2180 2392 tantum

502 2448 756 2559 perspicuum
784 2441 844 2550 fit,
862 2473 958 2530 cum
986 2444 1102 2557 plura
1119 2447 1354 2536 Sanctorum
1383 2447 1543 2530 nomina
1571 2441 1723 2549 addita,
1742 2442 1859 2558 plura
1886 2449 2006 2531 etiarn
2037 2445 2181 2548 abrasa,

511 2613 550 2675 et
585 2587 659 2671 alia
687 2615 852 2702 quoque
880 2592 1140 2702 superscripta
1168 2588 1349 2709 legantur
1376 2583 1515 2672 Codex
1543 2615 1639 2671 vero
1667 2581 1783 2672 nullo
1812 2617 1913 2701 pene
1942 2587 2031 2674 loeo
2057 2588 2183 2673 homi·

505 2761 604 2814 num
632 2757 755 2813 manu
783 2749 1024 2842 corruptus,
1052 2728 1236 2845 illudque
1264 2748 1425 2818 tanturn
1457 2725 1660 2840 displicet,
1688 2725 1800 2844 quod
1828 2727 2030 2843 aliquibus
2059 2732 2100 2816 in
2128 2727 2187 2812 lo·

504 2873 558 2954 cis
588 2871 685 2954 vitio
713 2871 941 2973 atramenti,
970 2896 1053 2984 quo
1080 2875 1325 2960 amanuensis
1341 2895 1449 2974 usus,
1467 2865 1620 2956 deletae
1647 2871 1725 2954 sint
1752 2871 1923 2980 litterae,
1946 2895 1986 2959 et
2004 2875 2181 2992 ‹ptarrdo

508 3039 587 3123 que
614 3007 844 3093 membrana
873 3001 957 3121 ipsa
984 3039 1093 3096 erosa
1110 3016 1381 3126 conspiciatur.

616 3145 692 3266 Ut⁸
711 3178 807 3234 vero
836 3145 888 3232 ad
916 3147 1166 3266 Liturgicum
1193 3155 1354 3266 ptoprie
1383 3147 1655 3236 barolitanum
1685 3151 1876 3239 Codicem
1895 3158 2105 3239 transitum
2123 3154 2178 3239 fa·

502 3296 651 3377 ciamus
680 3357 692 3398 ‚
720 3293 785 3378 bic
812 3319 893 3392 non
920 3321 998 3376 una
1027 3321 1150 3378 manu
1179 3298 1345 3408 scriptus
1381 3289 1551 3377 videtur.
1579 3292 1773 3404 Quamvis
1810 3300 1920 3380 enim
1958 3293 2177 3382 litterarum

502 3433 653 3516 formae
682 3431 843 3516 eaedem
872 3462 972 3546 pene
1000 3436 1093 3538 sint,
1109 3465 1189 3518 nou
1208 3453 1339 3523 tamen
1367 3436 1525 3546 eadem,
1553 3439 1726 3554 quaein
1754 3440 1949 3551 principio
1975 3438 2179 3554 orthogra-

501 3573 591 3687 phia
626 3593 713 3674 este,
743 3593 876 3684 postea
904 3577 1103 3658 retinetur.
1133 3574 1345 3692 Quidquid
1375 3606 1470 3662 vero
1496 3577 1551 3664 de
1578 3580 1653 3663 hoc
1680 3576 1761 3681 sit‘,
1799 3577 1856 3662 nil
1891 3605 2067 3694 namque
2094 3609 2179 3664 mo·

496 3743 671 3818 ramur3
709 3710 932 3796 litterarum
960 3712 1111 3800 formae
1138 3716 1282 3802 saeculi
1312 3715 1416 3805 Xlll
1444 3719 1652 3819 exeuntis,
1679 3716 1744 3805 vel
1773 3722 1972 3832 sequentis
2009 3722 2179 3806 ineuntis

507 3847 690 3936 sidentur
717 3879 818 3937 esse:
849 3851 933 3938 Nec
961 3851 1185 3940 litterarum
1214 3853 1370 3943 tantum
1398 3858 1550 3946 formae
1576 3859 1873 3976 orthographia,
1913 3864 2179 3974 interpunctio

499 4015 539 4076 et
566 4014 691 4078 cetera
719 3991 950 4078 huiusmodi
979 3991 1031 4080 ad
1049 3997 1192 4083 saeculi
1222 3993 1328 4082 XIII
1349 4000 1474 4092 finem
1502 4003 1567 4090 vel
1596 4004 1792 4115 sequentis
1810 4003 1973 4088 initium
2005 4005 2180 4114 scriptio-

506 4165 598 4218 nem
626 4132 784 4218 Codicis
811 4134 1043 4241 amendant,
1073 4137 1143 4224 sed
1171 4157 1211 4225 et
1239 4161 1430 4230 notarunt
1466 4145 1709 4227 musicarum
1737 4139 1916 4244 formae,
1945 4167 2046 4252 quae
2082 4139 2177 4221 anti·

452 4287 477 4324 ·“·-
505 4273 675 4386 phonis,
704 4277 979 4386 responsoriis,
1006 4274 1171 4392 aliisque
1197 4281 1431 4369 huiusmodi
1460 4275 1751 4397 adpinguntur‚
1799 4277 1980 4366 eamdem
2006 4275 2173 4390 probant
2240 4393 2243 4401 ,

500 4433 677 4500 aetatem.
709 4413 805 4500 lllae
833 4441 1008 4528 namque
1036 4417 1095 4520 iis,
1110 4415 1258 4529 quihus
1285 4418 1407 4505 hodie
1434 4425 1600 4526 utimur,
1628 4424 1794 4530 omnino
1823 4443 1913 4510 sunt
1940 4418 2180 4526 conformes,

498 4573 538 4634 et
590 4571 762 4666 quatuor
790 4549 996 4640 distinctae
1024 4555 1166 4664 lineis,
1205 4590 1294 4646 raro
1324 4559 1483 4668 tribus,
1512 4557 1771 4676 clavibusque
1791 4621 1803 4669 ,
1825 4583 1879 4646 ut
1906 4565 2039 4662 aiunt,
2066 4583 2178 4670 prae·

493 4703 637 4807 positis.
2166 4727 2170 4736 “

614 4833 665 4919 td
694 4865 789 4920 vero
817 4836 1031 4922 barolitani
1059 4835 1218 4924 Codicis
1246 4844 1395 4957 insigne
1423 4844 1598 4954 pretium
1617 4839 1726 4927 haud
1743 4841 1892 4928 minuit
1911 4843 2064 4956 quippe
2081 4859 2184 4940 certe

496 4977 573 5063 alio
600 5007 649 5062 ex
678 4973 826 5062 Codice
854 4975 939 5060 ΧΗ
967 4978 1112 5062 saeculi
1140 4983 1354 5091 exscriptus
1383 4985 1453 5088 sit3
1483 4985 1535 5066 itu
1550 5003 1598 5072 ,ut
1614 5013 1662 5066 ert
1682 4983 1757 5072 hoc
1775 4979 2001 5068 Barolirano
2019 5007 2176 5068 noscere
