4884 6692
771 751 993 869 sAGRlu
1021 780 1454 898 ramnucmnrs

332 1065 335 1072 t
437 953 1806 1088 necne-stinn1nn0sonv1u1rrumnrruneme
1894 1091 1897 1098 ,

930 1179 1243 1270 excutere

656 1399 728 1476 nx
754 1396 858 1475 uss.
888 1395 1062 1485 comer
1087 1393 1300 1474 mstoms
1326 1342 1593 1472 rccnnsrm
1718 1457 1721 1466 .

832 1611 870 1693 S.
898 1605 1167 1692 SEPUnCttt
1194 1606 1400 1710 BARULl

283 2025 405 2202 Cura
434 2107 792 2194 Ecclesiasticarum
821 2103 1121 2218 disciplinarum
1149 2105 1316 2210 studio,
1346 2135 1428 2222 quo
1465 2105 1811 2200 excellentissimus
1855 2106 1954 2192 Mel-

286 2249 493 2361 phictensis
520 2269 651 2338 noster
678 2248 900 2364 Episcopus
932 2247 1137 2362 Plriltppus
1164 2246 1217 2330 de
1251 2243 1389 2333 Iudice
1424 2247 1677 2353 Caraeciolo,
1702 2269 1746 2345 *et
1773 2250 1857 2332 eius
1886 2253 1958 2362 qui
2056 2321 2058 2325 .

286 2393 388 2472 vices
415 2418 538 2474 sacras
566 2411 674 2475 tenet
702 2389 940 2480 clarissimus
956 2391 1143 2509 Iosephus
1172 2373 1366 2502 Elefante
1391 2387 1544 2501 pollent
1563 2455 1581 2496 ι,
1610 2421 1830 2505 eorumque
1867 2423 1959 2506 erga

288 2555 359 2614 nos
380 2533 509 2642 ‚gratia
538 2530 687 2624 factum
715 2537 766 2618 sit
794 2555 841 2617 ut
869 2532 1039 2620 illustres
1077 2532 1265 2618 Canonici
1301 2535 1463 2649 insignis
1491 2533 1687 2618 Ecclesiae
1714 2534 1751 2617 S.
1780 2533 1960 2646 Sepulcri

286 2669 424 2767 Baruli
452 2673 571 2758 nobis.
594 2675 934 2762 commodaverint
952 2677 1269 2787 manuscriptum
1296 2669 1473 2758 codicem
1491 2675 1857 2776 membranaceum,
1876 2701 1959 2786 quo

288 2810 466 2930 Liturgr'a
495 2845 604 2927 pene
624 2821 753 2902 omnis
782 2813 1016 2904 describitur
1044 2847 1146 2935 quae
1173 2813 1257 2898 ΧΠ
1285 2814 1440 2900 saeculo
1468 2819 1511 2902 in
1538 2814 1788 2900 Patriarcbali
1818 2819 1960 2901 Hiero·

290 2953 535 3066 solymitana
563 2955 738 3041 Ecclesia
766 2957 967 3044 Dominici
995 2957 1176 3072 Sepulcri
1205 2957 1452 3068 servabatur3
1483 2987 1657 3072 cumque
1684 2986 1959 3071 quaecumque

293 3073 487 3204 placerent
515 3125 564 3180 ex
591 3126 639 3180 eo
655 3096 908 3184 exscriberea
926 3094 1135 3216 ¹praedictis
1162 3096 1383 3186 illustribus
1410 3095 1616 3186 Canonicis
1634 3117 1861 3182 concessum
1878 3082 1962 3176 fue·

288 3237 361 3339 rit,
380 3265 467 3328 rem
496 3267 569 3322 nec
596 3235 800 3343 inutilem,
819 3270 891 3326 nec
918 3238 1084 3328 eruditis
1111 3243 1207 3327 viris
1235 3245 1429 3358 ingratam
1448 3241 1627 3328 lecturos
1655 3240 1903 3349 putavimus,
1922 3265 1960 3314 a·
2084 3329 2086 3344 Ι

283 3374 393 3487 liqua
421 3407 469 3461 ex
496 3376 568 3461 illo
595 3405 819 3490 excerpere,
848 3403 940 3468 tum
968 3404 1010 3466 et
1039 3379 1195 3466 notulas
1224 3379 1374 3493 aliquas
1402 3380 1772 3491 observationesque
1799 3374 1852 3461 ad
1890 3373 1959 3458 illa

283 3516 515 3604 illustranda
543 3516 698 3604 addere.
726 3517 869 3634 Neque
898 3551 994 3606 vero
1021 3517 1402 3630 Hierosolymitanae
1430 3519 1659 3625 Ecclesiae,
1686 3549 1780 3606 cum
1795 3517 1961 3604 Patriae-

284 3657 373 3742 clras
402 3659 561 3744 Latinos
600 3659 658 3744 ibi
687 3653 897 3744 residenies
925 3661 1064 3748 babuit
1091 3692 1112 3744 a
1142 3697 1346 3781 quoquam
1374 3661 1486 3779 quod
1515 3692 1587 3748 nos
1614 3667 1780 3750 sciamus
1819 3662 1961 3748 descri-

288 3819 356 3908 pta
385 3795 529 3912 legitur
556 3828 660 3884 sacra
690 3801 897 3916 liturgia,
925 3823 966 3888 et
993 3803 1188 3892 Martenio
1214 3804 1296 3891 sola
1326 3807 1617 3919 Aparnaeensis
1633 3806 1795 3920 insignis
1823 3798 1959 3884 Eccle-

127 4019 133 4034 ,
290 3939 368 4042 sia,
399 3937 598 4043 innotuit,
627 3969 675 4023 ex
703 3970 826 4054 eaque
854 3974 977 4056 quam
1005 3935 1180 4058 plurima
1207 3976 1280 4032 suo
1308 3947 1351 4028 in
1380 3941 1578 4030 elaborato
1606 3941 1657 4028 de
1683 3942 1855 4053 antiquis
1882 3937 1959 4022 Ec-

287 4075 424 4160 clesiae
452 4076 592 4160 ritibus
619 4107 739 4190 opere
766 4083 939 4166 inseruit
958 4083 1023 4166 Ex
1042 4115 1126 4200 quo
1140 4081 1243 4171 illud
1271 4089 1524 4201 consequitur
1550 4101 1661 4168 tanto
1687 4077 1961 4178 Barolitanum

284 4215 479 4304 Codicem
494 4222 764 4330 pretiosiorem
792 4249 900 4324 esse,
927 4223 1000 4308 illo
1027 4256 1155 4342 quem
1170 4225 1386 4311 Martenius
1414 4220 1466 4310 ad
1493 4250 1635 4308 manus
1661 4217 1819 4323 babuit,
1837 4247 1961 4332 quam

287 4357 646 4468 Hierosolyrnitana
675 4359 944 4446 Patriarchalis
959 4361 1132 4450 Ecclesia
1162 4368 1435 4480 Apantaeensi
1459 4364 1651 4480 insignior
1677 4379 1769 4444 erat
1797 4353 1961 4443 Accedit

286 4521 324 4585 et
353 4496 459 4585 illud
486 4530 678 4615 quoque,
706 4497 818 4615 quod
855 4508 897 4588 in
943 4501 1304 4616 llierosclymituna
1340 4506 1534 4621 Liturgia-
1556 4507 1656 4590 ritus
1693 4499 1872 4622 legantur
1909 4495 1960 4583 ad

286 4645 525 4730 memoriam
551 4648 859 4756 mysteriorum
907 4631 1073 4732 Domini
1119 4651 1243 4730 nostri
1292 4647 1383 4730 lesu
1426 4643 1572 4731 Christi
1600 4647 1883 4756 locorumque,
1918 4645 1963 4736 in

289 4781 437 4895 quibus
464 4805 635 4896 operata,
664 4781 957 4889 suscitandam,
987 4805 1076 4872 tum
1104 4807 1144 4873 et
1171 4817 1262 4902 erga
1301 4815 1345 4869 ea
1382 4787 1599 4898 pietatem,
1628 4784 1960 4894 devotionemque

290 4919 538 5010 excitandam
565 4919 732 5010 mirifice
758 4925 839 5006 sint
865 4944 965 5036 apta.
995 4923 1138 5042 Neque
1166 4955 1262 5010 vero
1289 4929 1344 5012 sic
1372 4945 1480 5010 extra
1510 4929 1760 5039 propositum
1778 4934 1959 5006 nostrum

291 5061 559 5154 Ecclesiamm
588 5063 734 5151 scilicet
761 5088 833 5177 per
864 5060 1056 5175 Apuliam
1082 5086 1123 5150 et
1153 5062 1378 5153 Calabriam
1407 5065 1631 5152 illustrandi
1674 5073 1962 5162 monumenta,

1571 5205 1585 5256 1
1713 5254 1717 5261 .
