4820 6604
979 569 1103 699 (XV
1131 580 1149 697 l

216 759 424 848 Canusino
439 779 573 845 contra
596 725 799 842 coulbrme
816 749 1117 838 inPsalmorum
1126 739 1634 836 EditioneBrundusinum
1642 745 1904 862 Brevioriur'n,

219 923 408 988 monente
435 901 680 984 amicissimo
705 898 795 978 viro
822 893 931 978 illius
960 889 1160 978 Ecclesiae
1186 884 1483 976 Archidiacono
1513 889 1671 977 Thema
1724 897 1906 1002 Ctiwsa,

220 1071 376 1134 necnon
405 1063 447 1126 et
474 1039 723 1127 Breviorium
751 1035 942 1147 Lyciense
971 1054 1041 1117 est.
1067 1029 1150 1140 Qui
1188 1031 1380 1115 versionis
1414 1034 1623 1148 utriusque
1669 1031 1905 1139 historiam,

216 1213 434 1297 earumque
453 1184 572 1266 variis
596 1184 638 1262 in
658 1175 843 1264 Ecclesiis
869 1157 990 1258 usum
1017 1174 1117 1258 scire
1142 1167 1328 1276 voluerit,
1355 1171 1460 1289 legat
1488 1203 1582 1285 prae
1610 1176 1746 1258 ceteris
1769 1173 1904 1264 Grau-

217 1319 413 1406 colast'um
440 1323 486 1406 in
521 1325 689 1407 Comms’
721 1319 927 1402 Historico
950 1321 994 1396 iu
1025 1313 1212 1438 Brevr'ur.
1241 1311 1378 1416 Rom,
1406 1334 1446 1396 et
1475 1315 1521 1400 B
1550 1315 1760 1427 Inscpltum
1794 1315 1899 1402 tta

215 1462 392 1548 marium
424 1459 691 1548 Cardinalem
719 1461 792 1571 qui
819 1457 935 1539 Tom.
963 1452 1020 1536 ΙΙ.
1045 1449 1153 1562 ΟΡΡ.
1189 1445 1308 1536 Εάἰῐ.Ι
1340 1453 1386 1540 Ρ.
1417 1455 1471 1546 V
1461 1459 1609 1541 ezzosii
1634 1453 1785 1570 duplex
1812 1455 1900 1542 edi·

218 1603 280 1691 dit
321 1603 560 1688 Psalterium
595 1601 853 1692 Gallicanum
889 1594 1034 1680 scilicet
1071 1581 1110 1677 et
1138 1593 1397 1704 Romanum,
1425 1601 1492 1683 cui
1518 1620 1723 1710 postremo
1747 1597 1892 1684 Putre

208 1761 268 1843 ria
300 1780 462 1858 nostra,
491 1759 526 1838 si
559 1744 753 1831 variantes
781 1737 932 1852 aliquas
959 1738 1147 1848 excipias,
1176 1729 1294 1848 plane
1330 1761 1424 1824 sunt
1461 1737 1690 1826 conformia.
1724 1739 1897 1828 Utrum·

211 1929 299 2014 que
317 1893 461 1994 Clanis.
481 1885 690 1972 Vezzosius
718 1879 867 1962 selectis
894 1873 1212 1960 adnotationibus
1239 1881 1363 1962 auntr
1387 1877 1603 1996 Legendus
1638 1911 1803 1996 quoque
1836 1883 1896 1968 E·-
2001 1879 2010 1894 '

213 2033 533 2122 nu'nentissr'mus
562 2025 676 2113 Boua
690 2019 781 2104 Rer.
807 2018 963 2131 Liturg.
987 2013 1075 2098 Lib.
1105 2018 1145 2106 lI
1165 2019 1259 2136 Cap.
1275 2019 1525 2136 lll,eiusque
1540 2011 1790 2106 doctissimus
1809 2021 1896 2106 Ad-

209 2197 367 2266 notator
393 2173 446 2258 D.
464 2168 661 2255 eotenus
690 2159 802 2247 Salo
813 2157 879 2241 En
906 2159 954 2240 iis
982 2177 1131 2264 autem,
1159 2189 1262 2274 quae
1290 2157 1395 2247 dicta
1424 2184 1532 2266 sunt,
1562 2160 1668 2247 illud
1704 2165 1894 2281 consequi

211 2319 401 2424 videtur,
429 2341 511 2399 non
539 2310 705 2396 omnino
731 2301 783 2388 ad
811 2330 947 2388 omnes
977 2301 1123 2418 pafflim
1151 2298 1297 2409 ltaliae,
1325 2305 1408 2388 aive
1435 2307 1554 2388 etiam
1580 2303 1727 2390 h'arum
1747 2305 1892 2424 Regio-

201 2490 304 2548 num
345 2453 540 2542 Eoclesias
576 2441 875 2534 extendendum
902 2457 995 2530 'esse
1031 2437 1144 2560 quod
1182 2445 1530 2532 Eminentissimus
1567 2443 1695 2532 Bona
1720 2455 1884 2540 ooniecu

198 2625 291 2722 post
320 2601 394 2689 XI
411 2593 616 2682 saeculum
643 2592 848 2702 antiquam
875 2586 988 2672 illam
1014 2585 1235 2672 Romanam
1268 2586 1522 2674 Psalmorum
1555 2595 1782 2680 versionem-
1808 2595 1886 2682 ob

197 2727 396 2847 solevisse,
414 2765 510 2824 cum
537 2729 776 2846 exemplaria
803 2747 932 2814 nostra
943 2724 1215 2815 lidemfaciant
1225 2749 1308 2814 toto
1322 2733 1443 2816 etiam
1460 2733 1511 2819 X
1508 2731 1561 2822 V
1559 2733 1714 2819 saeculo
1724 2735 1882 2824 inMel.

139 2917 146 2928 ’
197 2883 392 3002 phictensi
410 2899 450 2964 et
467 2877 681 2964 Rubastim
698 2870 838 2956 saltem
847 2870 1051 2978 Ecclesiis,
1075 2874 1261 2955 usitatam·
1286 2869 1432 2974 fuisse,
1449 2868 1495 2956 id
1522 2870 1636 2988 quod
1662 2879 1883 2962 rnaximam

193 3021 485 3142 praedictatam
498 3015 767 3103 Ecclesiarurn
779 3043 871 3129 erga
884 3011 1107 3098 Romanam
1115 3011 1348 3116 Ecclesiam,
1359 3033 1613 3131 tenacemque
1623 3011 1880 3104 devotionem

198 3163 370 3272 indicare
388 3161 689 3264 ridentur,oum
710 3183 753 3240 ea
772 3156 933 3269 antiqua
946 3153 1136 3242 Versione
1152 3161 1294 3286 omnes
1306 3153 1641 3242 UrbisEcclesiae·
1653 3158 1884 3266 utebantur,

196 3337 325 3422 nsque
354 3301 407 3386 ad
433 3305 476 3386 S.
497 3305 620 3386 Pium
648 3299 708 3403 V,
735 3301 808 3412 qui
822 3297 873 3384 ad
887 3298 1014 3384 solam
1031 3279 1272 3381 'vaticanam
1297 3295 1505 3384 Basilicam
1532 3301 1726 3410 pertinere
1749 3303 1877 3390 iussit.

195 3445 322 3558 Quod
359 3448 394 3532 si
432 3444 681 3530 canusinum
714 3440 965 3526 Brevioriunn
992 3437 1208 3552 vulgatam
1234 3438 1392 3523 'lubeat
1419 3437 1675 3524 Psalmorum
1714 3439 1876 3528 Editio-

195 3621 310 3696 aem,
339 3619 389 3679 ex
416 3587 492 3673 hoc
519 3583 623 3670 anua
652 3582 759 3688 fuit,
795 3565 908 3697 quod
935 3613 958 3666 a
986 3581 1228 3668 trauersum
1264 3578 1431 3666 ordinis.
1464 3565 1627 3708 tonnae
1661 3590 1871 3700 scriptum..

195 3737 355 3828 Notum
384 3735 492 3816 enim
519 3749 577 3814 est
606 3727 651 3814 S,
675 3727 946 3813 ftanotcum
972 3729 1058 3812 suis
1081 3714 1320 3844 praecepisse
1347 3726 1517 3812 alumnis
1555 3743 1598 3809 ut
1635 3725 1782 3814 diutim
1811 3735 1874 3817 iu-

188 3897 267 3968 xta
296 3867 512 3964 Romanae
537 3869 743 3960 Eccum
772 3868 916 3954 Rr'tum
935 3845 1173 3986 peragerent
1199 3885 1373 3985 excepto·
1396 3867 1599 3953 taanenu
1618 3867 1685 3954 Ex
1698 3897 1788 3986 quo·
1801 3877 1868 3958 vi-

190 4027 227 4108 ri
256 4019 478 4106 doctissimi
505 4013 649 4100 inferre
676 4005 787 4096 baud
814 3991 1059 4116 dubitarunt,
1087 4009 1129 4093 S.
1153 4011 1187 4103 F
1188 4014 1347 4096 rancisci
1374 4031 1499 4096 aetate
1524 4039 1595 4126 per
1624 4011 1762 4098 Italiae
1783 4045 1873 4103 me.

192 4164 282 4252 diae
300 4183 340 4249 et
358 4155 765 4258 inferiorisEcclesias,
784 4175 852 4238 aut
866 4175 970 4242 cette
988 4160 1030 4241 in
1040 4151 1347 4258 Umbria‚retus
1364 4154 1600 4242 Psalterium
1618 4155 1870 4244 obsolevisse.-

189 4305 278 4390 Nos
292 4334 375 4389 non
401 4306 597 4418 ingratam
622 4323 711 4382 rem
737 4299 908 4388 facturos
923 4300 1159 4385 arbitramur
1178 4293 1343 4384 eruditis
1356 4291 1473 4402 viris,
1490 4303 1706 4412 specimina
1720 4298 1868 4416 'aliqua

189 4450 409 4551 versionis,
438 4471 545 4558 quae
567 4442 612 4525 iu
640 4444 787 4526 nostris·
809 4463 866 4526 est
894 4437 1111 4526 Codicibus
1129 4471 1225 4526 cum
1233 4439 1473 4526 variantibus
1493 4469 1542 4525 ex
1559 4439 1795 4548 nummio,
1822 4459 1863 4526 et

196 4587 247 4676 V
237 4593 391 4676 ezzosio
419 4581 629 4701 vulgando
653 4589 695 4667 in
724 4583 767 4666 II
793 4581 913 4668 buius
941 4587 1073 4696 operis
1096 4584 1227 4668 Parte.

300 4729 435 4818 Nunc.
454 4755 580 4839 pauca
607 4722 681 4810 alia
711 4721 1001 4834 praemonenda
1035 4723 1087 4809 de
1115 4723 1346 4812 kalendario·
1379 4725 1619 4840 perillustris
1642 4723 1866 4816 Brundusi«

433 4869 504 4972 iae,
533 4870 646 4954 cuius
674 4865 904 4994 exemplum
932 4895 958 4950 a
982 4863 1179 4979 praeclaro
1207 4868 1295 4951 viro
1324 4867 1517 4981 nobisque
1535 4847 1772 4954 amicissimo
1790 4871 1865 4955 Ar·

193 5015 424 5108 cbidiaconu
457 5011 614 5104 lloma
645 5016 797 5103 ctuosa
825 5015 1080 5126 accepimus,
1118 5032 1158 5095 et
1202 5009 1315 5129 quod
1342 5043 1448 5100 nuuc
1477 5019 1659 5126 primum
1695 5011 1866 5102 edimus..
