4884 6692
536 1275 724 1377 September
747 1273 844 1343 habet
866 1275 939 1346 dies
963 1281 1080 1345 XXX.
1105 1282 1202 1346 Luna
1227 1275 1362 1344 XXIX.
1387 1278 1465 1343 Nox
1489 1249 1579 1343 eirea
1614 1272 1692 1345 idue
1728 1275 1949 1351 hebetiores
2023 1331 2026 1338 -

777 1371 858 1432 XII.
885 1369 960 1458 dies
983 1393 1109 1462 quoque
1134 1372 1212 1434 XII.

268 1469 346 1542 ΚΒ,
370 1465 534 1564 ,ςφιωηῠὶ
679 1507 680 1512 1
726 1457 828 1524 Prisci
851 1456 951 1528 Mart.
979 1461 1069 1552 X.pi
1095 1454 1245 1549 discipuli
1269 1479 1318 1526 or.
1344 1466 1377 1524 et
1400 1453 1511 1542 Egidii
1533 1455 1626 1614 fAblh.
1652 1457 1742 1614 Ἥ.
1763 1459 1796 1526 3.
1816 1470 1848 1527 et
1863 1457 1944 1528 XII.

1550 1570 1673 1616 rarum
1735 1565 1794 1619 ert.
1820 1575 1870 1618 or.

267 1649 334 1719 1111
472 1669 528 1712 no.
740 1637 903 1703 Antonini
926 1635 1028 1702 Mart.
1055 1659 1105 1705 or.
1898 1617 1905 1642 ³

266 1743 318 1808 III
473 1761 530 1804 no.
742 1727 906 1794 Mansueti
930 1752 985 1818 ep.
1011 1738 1045 1792 et
1067 1729 1154 1796 conl·

267 1833 359 1900 prid,
478 1850 535 1890 no.
740 1817 888 1884 Marcelli
913 1819 1014 1882 Mart.
1203 1817 1433 1884 Terminuutur
1457 1815 1529 1885 dies
1553 1817 1769 1887 caniculares.

476 1915 582 1981 Nonis
745 1907 901 1973 Victorini
925 1921 1023 1972 mart.

266 2009 346 2077 V111
478 2007 526 2070 id.
740 1995 919 2062 Eleutherii
943 1996 1022 2088 Epi.

186 2093 192 2100 ⁵
269 2100 335 2167 Vll
481 2095 527 2159 iel.
737 2086 867 2153 Ioannis
891 2087 989 2151 Mart.

270 2190 318 2255 Vl
481 2183 526 2252 id.
740 2181 905 2243 Nativitus
927 2177 1098 2267 gloriosae
1121 2179 1206 2266 virg.
1277 2187 1336 2241 tot.
1363 2174 1450 2260 offic.
1477 2175 1571 2266 dupt.
1598 2179 1677 2242 inni.
1726 2197 1761 2248 et
1785 2176 1950 2260 Adriani,

1022 2299 1028 2310 ¹
1566 2276 1599 2333 et
1621 2291 1687 2335 soc.
1712 2268 1811 2335 Mart.
1837 2271 1862 2335 i.

273 2370 301 2431 V
477 2359 523 2426 id.
740 2355 930 2440 Dorothei,
956 2370 988 2424 et
1011 2351 1297 2442 Gorgonii'lllart.
1395 2374 1444 2420 or.
1471 2354 1495 2420 l.
1523 2357 1554 2422 3.

270 2455 337 2524 IIII
474 2450 521 2515 id.
741 2448 871 2514 Nicolai
896 2448 937 2514 de
962 2447 1145 2514 Tolentino
1169 2441 1257 2511 conl.
1352 2467 1401 2509 or.
1429 2445 1451 2510 l.
1482 2447 1515 2511 3.

272 2545 322 2613 111
477 2539 526 2696 iq.
740 2539 854 2605 Prolhi
879 2551 913 2604 el
936 2539 1117 2632 Hyacinthi
1142 2539 1242 2603 lllarl.
1337 2557 1383 2600 or.
1409 2537 1434 2601 l.
1462 2536 1495 2602 3.

271 2633 362 2703 Prid.
479 2631 526 2695 i.

483 2719 598 2790 Idibus
744 2719 889 2812 Philippi
914 2722 980 2811 epi.
1006 2731 1040 2786 et
1062 2718 1163 2785 Mart.

271 2810 389 2884 XVIII
484 2807 554 2878 kal.
583 2806 694 2881 octob.
743 2813 922 2877 Exultetio
944 2817 982 2874 S.
1009 2815 1130 2878 Crucis
1218 2822 1276 2877 tot.
1305 2805 1389 2890 offic.
1420 2810 1511 2902 dupl.
1538 2820 1570 2876 et
1592 2807 1739 2876 Cornelii
1763 2807 1953 2906 etCypriu-

782 2904 814 2966 ni
840 2927 890 2968 or.
917 2902 941 2967 l.
967 2901 998 2967 3.
1184 2904 1361 2993 Equirroct.
1386 2905 1541 2968 Autumu.

276 2991 374 3062 XVII
478 2989 546 3062 kat.
739 2987 861 3057 Octava
885 2991 994 3060 Nativ.
1022 2991 1058 3058 B.
1084 2989 1124 3059 V.
1152 2989 1233 3083 dup.
1259 3017 1302 3058 m.
1329 3004 1362 3057 et
1386 2992 1576 3058 Nicomedis
1600 2987 1698 3055 Mart.
1793 3014 1841 3060 or.

273 3082 355 3153 XVI
476 3080 545 3157 kat.
739 3080 857 3150 Luciae
881 3095 914 3150 et
935 3083 1112 3170 geminiani
1134 3082 1236 3152 M'art.
1263 3106 1313 3152 or.
1343 3083 1368 3148 l.
1394 3081 1426 3150 3.
1454 3093 1486 3146 et
1508 3080 1657 3148 Eusemie
1681 3081 1763 3167 virg.
1791 3094 1823 3148 et
1839 3080 1943 3147 hlurt.

1195 3174 1269 3244 lect.
1296 3175 1329 3240 3.
1454 3172 1516 3239 Sol
1539 3176 1573 3239 in
1596 3170 1683 3238 libra

279 3263 346 3332 XV
479 3259 550 3328 kal.

277 3351 380 3421 XIIII
479 3350 550 3418 kal.

279 3444 368 3514 XIII
480 3441 550 3509 Ital.

280 3533 351 3603 XII
479 3531 549 3600 kal.
737 3531 877 3602 Faustae
899 3546 932 3602 et
955 3533 1087 3600 Eviloeii
1111 3535 1212 3600 Mart.
1399 3532 1543 3625 uigilia.

276 3625 330 3693 xl
479 3623 548 3691 kal.
622 3699 624 3704 ,
745 3625 901 3691 Matthaei
925 3624 1043 3718 Apost.
1068 3639 1101 3692 et
1124 3625 1249 3712 Evang.
1366 3638 1424 3692 tot.
1452 3623 1546 3716 offic.
1573 3621 1668 3713 dupl.
1693 3621 1772 3686 miu.

276 3713 313 3782 X
478 3713 548 3782 lral.
745 3717 898 3783 Mauricii
921 3728 955 3783 et
976 3739 1044 3783 soc.
1068 3717 1165 3784 mart.
1192 3715 1234 3782 de
1257 3715 1353 3804 legio.
1381 3715 1538 3784 Thebaen
1607 3738 1658 3781 or.
1686 3710 1709 3779 l.
1738 3713 1770 3780 3.

278 3805 330 3871 lx
480 3804 550 3892 kal.
742 3804 817 3872 Lini
843 3832 901 3900 pp.
927 3817 960 3873 et
984 3807 1085 3875 Mart.
1179 3805 1253 3874 leet.

278 3893 357 3960 VIII
482 3895 550 3983 kall
741 3895 865 3964 Rustici
889 3899 955 3989 epi.

280 3983 342 4051 vtl
480 3983 550 4052 leel.
742 3987 882 4053 Firmini
905 4011 959 4079 ep.
985 3999 1018 4054 et
1041 3986 1144 4053 lllIert.

280 4073 327 4140 VI
480 4074 549 4142 kal.
739 4075 898 4170 Cypriani
921 4092 952 4145 et
976 4077 1117 4145 Iustinae
1140 4077 1238 4146 Mart.
1333 4105 1381 4147 or.
1407 4077 1432 4142 l.
1459 4077 1491 4144 3.

279 4164 308 4227 V
482 4164 552 4235 kal.
744 4167 881 4236 Cosmee
904 4180 936 4235 et
959 4165 1110 4234 Damiani
1133 4169 1233 4236 lllart.
1328 4194 1376 4236 or·
1403 4169 1476 4236 lect.
1503 4166 1536 4234 3.

277 4252 344 4323 1111
479 4255 549 4325 kat.
746 4251 905 4349 Exuperii
928 4256 1008 4349 Epi.
1035 4269 1068 4324 et
1091 4256 1178 4326 cons.

277 4344 329 4413 III
477 4345 547 4413 kat.
741 4349 922 4418 Dedicutio
944 4355 983 4415 S.
1003 4347 1184 4415 Michaelis
1207 4349 1357 4440 Areuug.
1406 4346 1503 4440 dupl.
1529 4349 1605 4413 mai·
1630 4358 1735 4414 totum
1757 4345 1858 4438 offic:

280 4433 393 4515 Prid.l
477 4435 547 4504 kat.
740 4439 1187 4530 mercenniacus.
1213 4439 1313 4530 dupl.
1339 4442 1396 4505 mi.
1422 4437 1509 4526 offic.
1534 4462 1569 4530 9.
1595 4436 1619 4504 i.
1645 4459 1718 4503 cum
1741 4431 1853 4529 hymn.
1879 4439 1943 4530 (¹⁶).

349 4731 389 4798 <·)
406 4731 507 4799 Hymn.
526 4736 565 4783 eet
583 4727 629 4796 qui
647 4729 763 4798 coquitur
779 4729 805 4770 ²
825 4731 893 4785 Ecce
910 4732 958 4801 qui
975 4731 1080 4788 Christi
1097 4732 1232 4787 decoravit
1250 4733 1358 4786 eclam:
1388 4747 1502 4787 eorumne
1528 4731 1580 4785 inte
1612 4748 1655 4786 ree
1681 4731 1794 4802 fideiqne
1821 4734 1950 4794 doctor:

285 4800 317 4848 nt
333 4794 408 4873 [Imm
428 4799 516 4867 linque
533 4805 686 4850 resonaret:
706 4796 777 4851 omni
796 4797 859 4850 orbe
896 4801 979 4867 eregit
996 4825 1024 4878 ἦ
1042 4801 1111 4866 Lege
1126 4801 1175 4851 enh
1192 4801 1263 4853 trine
1279 4801 1428 4856 modulatus
1446 4815 1493 4854 ore
1510 4823 1535 4862 ς
1546 4801 1629 4853 'Iulii
1647 4801 1738 4870 lingue
1761 4811 1841 4867 tegni
1852 4807 1879 4852 et
1892 4801 1951 4853 Ple·

285 4872 357 4917 tonu
373 4869 398 4930 ζ
417 4864 499 4918 iueeue
518 4873 558 4918 eet
574 4864 647 4916 credi
667 4866 790 4933 gravibus
806 4863 857 4935 llug
884 4867 917 4932 lie
935 4867 1056 4938 :iudice
1072 4869 1185 4934 celeo:
1206 4870 1348 4938 Poetquem
1377 4883 1510 4922 eucrorum
1525 4867 1618 4922 ttudiie
1648 4871 1792 4924 inhaerent
1809 4882 1897 4926 romae
1913 4884 1952 4920 ea·

287 4938 376 4984 cratin
396 4947 472 5008 roceo
490 4933 575 5002 galero
592 4930 723 4986 bethleem
740 4949 850 5002 pergen·
867 4937 996 4989 aemulata
1013 4933 1110 5004 linquit
1127 4936 1209 4991 vestie
1226 4936 1332 5006 iniquae
1349 4942 1373 5005 ξ
1393 4938 1477 4990 Omne
1495 4939 1647 4990 mandatum
1676 4947 1750 4994 vetere
1777 4947 1804 4992 et
1821 4933 1955 4990 novellum

292 4999 425 5081 quidquid
442 5016 564 5054 ereeneun
583 5001 703 5053 cecinere
718 5009 827 5071 petrei:
847 5003 975 5074 quidquid
993 5010 1134 5057 externum
1152 5005 1285 5058 celebrent
1301 5004 1381 5058 latini
1396 5026 1403 5057 =
1422 5005 1560 5060 transtulit
1578 5005 1627 5058 iete
1644 5008 1671 5074 Ξ
1691 5009 1786 5062 Gloria
1804 5002 1873 5077 petri
1887 5035 1895 5068 ‚
1909 5019 1950 5074 ge·

286 5073 417 5139 tuaeque
434 5069 530 5151 prelii
549 5076 576 5130 et
593 5068 643 5134 tibi
660 5085 769 5144 comper
787 5069 922 5146 nutusque
938 5088 1041 5146 imper
1056 5070 1166 5148 »piritu
1184 5075 1252 5155 elne
1267 5073 1331 5157 ῥειιο
1347 5090 1413 5132 unu»
1431 5075 1504 5145 omni
1522 5080 1639 5147 tenpore
1656 5076 1748 5132 necti.
1769 5075 1862 5132 Auen.
