4820 6604
659 719 1435 812 lnao1oeusrrrs
1582 696 1584 702 ⁴
1716 851 1717 856 p

493 1155 616 1243 quar
643 1151 888 1226 euuuruu
917 1147 1325 1224 couueurtetus
1351 1150 1590 1212 susurrus

201 2191 215 2216 ,-
318 2041 391 2212 Sr
423 2127 494 2240 qui
521 2116 621 2206 sorte
650 2139 784 2230 erum,
815 2125 963 2240 quibus
977 2153 1139 2239 operam
1157 2153 1228 2210 nos
1256 2123 1392 2210 lusisse
1421 2127 1651 2232 videamur,
1679 2128 1791 2244 quod
1806 2131 1881 2218 Ee-

193 2269 409 2358 etesiarum
438 2294 510 2378 per
538 2263 786 2368 Peucetiam,
813 2266 1022 2380 Apuliam,
1052 2290 1092 2354 et
1119 2267 1374 2373 Calabriam,
1402 2270 1485 2352 sive
1513 2269 1721 2386 Iapygiam
1749 2294 1880 2357 vetera

197 2405 434 2498 kalendaria
462 2408 734 2520 munuscripta
762 2405 910 2514 edere,
938 2395 1062 2524 eaque
1090 2412 1194 2492 notis
1235 2431 1276 2493 et
1303 2409 1640 2496 observationibus
1683 2411 1878 2496 illustrare

195 2551 513 2664 susceperimus,
541 2546 632 2632 illos
660 2577 784 2661 quam
813 2551 987 2632 maxime
1015 2569 1173 2665 rogatos
1199 2549 1412 2656 volumus,
1430 2572 1479 2636 ut
1496 2549 1693 2638 iudicium
1712 2583 1875 2666 parum-

198 2725 274 2810 per
302 2690 507 2778 efformare
533 2686 744 2794 differant,
772 2688 925 2795 donee,
952 2689 1066 2807 quod
1084 2690 1136 2777 ad
1152 2690 1421 2778 defensionem
1449 2713 1645 2798 nostram,
1674 2699 1877 2809 nostrique
1950 2793 1955 2803 .

200 2836 348 2928 laboris
379 2830 505 2918 facere
533 2835 755 2944 utcumque
792 2833 958 2944 poterit,
995 2835 1229 2946 aperiamus
1257 2832 1503 2920 Dolebemus
1532 2833 1747 2950 equidem,
1764 2834 1881 2950 quod

198 3009 292 3066 eum
322 2995 463 3079 tanta,
491 2994 531 3070 et
559 3002 663 3085 pene
689 2977 898 3060 innumera
926 2975 1032 3088 typis
1060 2971 1166 3059 edita
1195 2972 1448 3062 ecclesiastiea
1485 2973 1745 3098 kalendaria,
1772 2997 1813 3060 et
1841 2973 1885 3059 Ιὓ

196 3119 310 3212 salica
339 3118 514 3207 maxime
541 3133 688 3217 essent,
700 3111 812 3206 nulla
830 3115 1018 3216 omnine,
1032 3112 1173 3228 quoad
1199 3117 1479 3221 nosseiamus,
1507 3119 1754 3227 reperiantur
1772 3141 1875 3226 quae

197 3257 263 3354 ad
278 3255 474 3370 Apuliae,
502 3275 542 3338 et
570 3253 756 3370 Iapygiae
775 3251 970 3342 Ecclesiae
995 3256 1146 3369 quovis
1173 3253 1298 3341 modo
1325 3258 1557 3366 pertineant,
1576 3258 1619 3337 ni
1647 3253 1748 3338 forte
1776 3257 1883 3340 erei-

193 3429 288 3515 pere
316 3397 468 3510 plawtt
483 3392 759 3518 kalendarium
772 3395 963 3504 Lyeiense
980 3395 1180 3483 Breviario
1199 3394 1305 3480 illius
1320 3395 1483 3479 illustris
1493 3393 1690 3480 Ecclesiae
1707 3395 1874 3501 adnexo,

186 3535 308 3655 quod
326 3535 503 3628 Venetiis
524 3559 627 3620 anuo
645 3531 875 3614 MDXXVI
893 3534 1078 3620 inlucem
1092 3531 1251 3645 prodiit
1260 3533 1346 3618 Hae
1364 3564 1483 3648 porro
1491 3533 1683 3650 Regiones
1701 3533 1875 3620 illustres

200 3675 407 3796 quondam
433 3675 620 3778 fuerumt,
650 3670 903 3790 illustresque
930 3707 1002 3792 per
1029 3707 1092 3764 eas
1119 3679 1294 3762 civitates
1320 3697 1361 3762 et
1379 3675 1598 3780 Ecclesiae,
1625 3679 1679 3760 ita
1706 3697 1755 3762 ut
1787 3680 1870 3785 vir,

199 3841 269 3920 aut
296 3851 347 3907 ne
376 3823 442 3904 vir
465 3812 646 3912 ¹dubitari
674 3817 799 3927 possit
821 3821 927 3931 ¹‚quin
955 3818 1020 3908 vel
1047 3851 1071 3914 a
1097 3821 1237 3930 primis
1264 3815 1506 3904 Christianae
1532 3819 1747 3935 Religionis
1789 3845 1876 3904 sae·

192 3959 301 4062 ,culis
328 3959 519 4073 Episoopi
546 3959 589 4040 in
617 3957 667 4039 iis
695 3955 818 4042 multi
845 3956 994 4044 fuerint
1006 4020 1020 4063 ‚
1045 3957 1233 4072 quamvis
1260 3955 1358 4042 salso
1384 3961 1591 4073 scriptores
1618 3960 1774 4074 aliqui,
1812 3989 1868 4044 se-
1898 4067 1901 4074 .

192 4077 403 4223 qrrioribus
431 4096 593 4190 saeculis
621 4119 663 4186 et
687 4129 743 4186 er
753 4095 1606 4214 ConstantinopolitauommPatriarcharum
1643 4099 1875 4206 ambitione,

191 4251 276 4342 sire
304 4247 425 4346 etiam
452 4273 501 4328 ex
527 4241 803 4338 Rornanorum
830 4239 1074 4331 Pontificum
1102 4241 1272 4355 politicis
1299 4242 1516 4328 rationibus
1544 4243 1865 4356 Episcopatuum

190 4383 668 4502 multitudinemque}
696 4381 847 4489 dicunt,
875 4383 1082 4478 indueram
1108 4380 1228 4472 sitisse
1256 4378 1512 4480 adfirmarim.
1541 4380 1648 4468 Cum
1676 4411 1774 4468 vero
1790 4383 1866 4468 Re-

190 4533 324 4644 pones
343 4530 437 4630 istac
452 4523 743 4626 suburbicariae
762 4517 1474 4620 essentetadRomauumPontilioem
1492 4523 1695 4635 speciatim
1706 4527 1872 4638 pertine:

203 4690 387 4771 renense
404 4664 542 4771 alium,
561 4668 635 4752 nisi
655 4665 774 4753 illum
800 4663 1153 4782 Metropolitanum
1170 4662 1369 4768 haberent,
1386 4664 1540 4780 aliquae
1569 4683 1700 4750 tamen
1728 4666 1873 4750 aCon-

199 4808 541 4925 stantinopolitano
568 4829 783 4920 usurpatae
810 4807 994 4914 serenent,
1022 4803 1119 4892 eliae
1148 4803 1321 4932 Graecos
1349 4807 1451 4892 inter
1483 4821 1523 4892 et
1568 4799 1767 4892 Romanos
1796 4803 1875 4888 ssu-

204 4973 341 5054 cluere
380 4950 444 5038 vel
472 4953 692 5052 claudicare
710 4956 835 5058 visae,
860 4981 947 5068 ,quo
973 4950 1099 5073 111³ng
1125 4977 1264 5042 etrum
1292 4948 1451 5042 historia
1479 4949 1694 5066 pretiosior.

1473 5093 1520 5148 ·a
