4870 6630
952 556 1139 680 (1³5)

226 767 246 810 a
281 759 371 812 rum
401 724 694 845 Claravallem,
725 750 764 813 et
792 731 871 814 iam
900 735 1087 832 constitut
1090 765 1162 820 um
1192 739 1232 820 iu
1262 741 1398 824 itinere
1426 769 1535 824 mors
1575 687 1684 856 apud
1728 745 1891 834 Barium

222 909 242 948 ι)
276 861 483 988 Apuliae
473 873 704 980 intercepit,
733 889 772 951 et
802 898 875 984 pro
904 844 1126 958 Claiavalle
1167 875 1219 962 ad
1270 901 1447 970 montem
1493 883 1689 1000 gloriae,
1710 905 1747 970 et
1784 889 1902 972 caele·

236 1051 254 1092 a
286 1037 386 1098 stem
416 1013 628 1146 Ierusalem
657 1009 802 1114 duxit,
839 1012 951 1138 cuius
981 1011 1142 1100 Sacrum
1175 1015 1329 1150 Corpus
1370 1017 1592 1108 honorifice
1633 1023 1738 1110 Barii
1777 1029 1908 1140 sepul-

232 1191 259 1231 a
293 1176 381 1238 tum
410 1131 617 1268 requiescit
652 1187 670 1232 a

237 1440 315 1524 His
343 1438 553 1526 addendus
583 1439 787 1562 Philippus
817 1441 1043 1570 daguinus,
1081 1445 1151 1557 qui
1161 1464 1171 1480 ·
1185 1439 1245 1526 lib.
1285 1443 1321 1526 3.
1353 1446 1588 1534 Sanctorum
1622 1451 1791 1540 Ordinis
1842 1459 1908 1542 Ci-

435 1583 707 1664 scaniensium
735 1581 809 1664 hoc
837 1599 1018 1698 nostrum
1049 1586 1223 1671 Beatum
1247 1609 1367 1676 ornat
1390 1621 1529 1702 parvo
1575 1593 1706 1710 elogio.

355 1901 372 1942 a
406 1860 596 1973 Guelpho
624 1859 685 1944 IV
715 1867 785 1978 qui
814 1868 969 1978 primus
998 1863 1082 1948 dux
1111 1865 1297 1954 Bavariae
1333 1871 1453 1958 fuisse
1491 1871 1669 1978 dicitur,
1707 1874 1807 1960 duos
1857 1875 1904 1962 fr-

240 2008 367 2092 »lios
405 2006 586 2090 habuisse
613 1989 896 2090 memoratur:
948 2007 1229 2118 Guelplronem
1267 2019 1337 2126 qui
1368 2013 1579 2102 lllatildam
1619 2016 1905 2102 nobilissimam

238 2184 258 2226 a
291 2147 479 2233 Bonifacii
508 2147 754 2242 Marclrionis
774 2147 1095 2234 Monferrateusis
1124 2149 1248 2238 liliam
1278 2155 1425 2260 duxit,
1463 2179 1502 2242 et
1532 2157 1785 2262 Hearicum,
1833 2163 1906 2272 qui

238 2325 259 2365 a
291 2287 514 2374 Vulfildam
543 2311 676 2396 natam
711 2285 824 2372 ducis
852 2291 1048 2380 saxoniae.
1077 2292 1155 2378 Sed
1179 2299 1311 2406 primo
1347 2299 1436 2382 sine
1459 2295 1592 2380 liberis
1623 2297 1819 2384 defuncto
1848 2331 1905 2382 se·

239 2464 261 2504 a
294 2428 450 2552 candus
477 2426 677 2532 succedit,
705 2432 771 2512 cui
801 2453 951 2540 praeter
979 2431 1074 2516 alios
1082 2465 1224 2550 ,quos
1253 2459 1356 2523 ante
1371 2467 1488 2527 usum
1521 2444 1679 2526 rationis
1713 2439 1905 2528 decedeu

240 2607 261 2648 a
296 2592 352 2655 tes
380 2587 451 2684 per
478 2571 722 2686 baptismum
751 2566 803 2656 ad
831 2570 969 2656 Caelos
998 2571 1237 2696 destinavit,
1266 2600 1345 2664 tres
1371 2575 1482 2684 filii,
1508 2601 1549 2666 et
1577 2601 1748 2695 quatuor
1796 2579 1900 2666 filiae

236 2744 258 2789 a
290 2712 503 2826 contigere,
545 2710 778 2816 Conradus,
806 2710 1001 2798 Hearicus
1028 2734 1147 2828 atque
1176 2715 1385 2831 Guelpho:
1415 2717 1588 2824 Iuditta,
1616 2720 1782 2831 Sophia,
1820 2721 1903 2804 ilfa-
1946 2791 1949 2798 .

238 2888 258 2928 »
291 2851 416 2962 tilda,
446 2876 567 2970 atque
595 2853 782 2967 Vulphia.
810 2851 1021 2940 Caeterum
1065 2845 1116 2940 de
1154 2855 1338 2942 Conrado
1375 2863 1461 2973 ipso
1505 2863 1769 2975 primogenito
1790 2891 1902 2948 ¹cum

237 3032 256 3074 a
287 3002 570 3082 successionem
599 3001 641 3082 iu
669 3019 826 3110 paterna
855 2996 1004 3081 ditione
1052 2996 1271 3112 reliquisset
1309 3001 1514 3106 Henrico,
1551 3000 1660 3087 audi.
1684 2999 1799 3116 quod
1838 3033 1894 3088 se-

239 3175 258 3218 »
291 3141 436 3252 quitur.
464 3136 673 3222 Conradus
710 3141 752 3222 iu
791 3136 993 3222 Clericum
1031 3136 1254 3246 ordinatus,
1291 3172 1387 3226 cum
1414 3144 1491 3229 sub
1521 3143 1740 3256 puerilibus
1784 3149 1894 3228 aunis

238 3321 258 3362 »
290 3284 403 3369 domi
437 3280 658 3366 litterarum
687 3278 829 3368 studiis
858 3281 1164 3388 informaretur,
1193 3303 1370 3396 tempore
1398 3305 1556 3370 maturo
1583 3283 1807 3371 Coloniensi
1831 3285 1904 3372 Ar·

236 3461 255 3503 a
288 3423 533 3534 chiepisoopo
561 3419 719 3504 cultiori
747 3420 902 3524 stadie,
930 3451 975 3507 ac
1003 3419 1209 3534 disciplina
1222 3428 1264 3508 in
1284 3423 1500 3508 claustrum
1519 3422 1753 3512 educandus
1791 3455 1898 3510 conr·

234 3601 254 3644 »
288 3566 469 3648 mittitur.
498 3559 562 3642 Ibi
590 3563 631 3644 in
658 3581 831 3678 utroque
859 3583 1014 3646 tantum
1042 3561 1233 3674 profecit,
1260 3559 1330 3646 sed
1358 3584 1397 3646 et
1426 3562 1510 3648 aliis
1538 3567 1755 3652 virtutibus
1801 3567 1898 3648 vitia

247 3753 266 3793 a
299 3711 525 3806 declinans,
554 3678 708 3790 tautum
737 3732 778 3790 se
806 3709 1028 3810 exornavit,
1042 3741 1046 3748 ·
1061 3726 1110 3788 ut
1137 3703 1188 3788 ab
1215 3705 1326 3786 omui
1356 3701 1473 3808 clerc,
1501 3726 1541 3790 et
1568 3707 1724 3820 populo
1758 3736 1904 3810 gmare.

236 3889 255 3932 a
287 3876 383 3960 tur,
412 3855 467 3938 et'
480 3849 530 3935 ab
558 3844 745 3932 omuibus
772 3877 933 3954 summo
959 3845 1108 3932 honore
1135 3843 1278 3960 dignus
1307 3840 1556 3950 iudicaretur.
1574 3847 1669 3960 Ipse
1709 3880 1803 3938 vero
1833 3851 1902 3939 ho

236 4036 254 4078 a
286 4023 411 4096 nores,
439 3991 597 4078 divitias
623 4013 664 4075 et
691 3984 853 4072 laudem
884 3987 1099 4072 humanam
1126 3984 1310 4101 fugiens,
1338 3982 1579 4098 quibusdam
1610 4018 1652 4074 se
1697 3992 1901 4078 Monachis

232 4172 252 4214 a
284 4135 470 4236 sociavit,
508 4159 603 4214 tum
630 4127 808 4240 quibus,
836 4124 1022 4210 omnibus
1050 4129 1131 4218 suis
1158 4126 1460 4239 ignorantibus,
1487 4126 1775 4214 Claravallense
1803 4129 1892 4214 Μο-

234 4311 253 4352 a
284 4276 497 4359 nasterium
525 4265 643 4371 adiit,
661 4267 798 4382 ibique
826 4268 1068 4356 Monachum
1095 4293 1137 4348 se
1165 4262 1266 4349 fecit.
1296 4264 1402 4370 Haec
1441 4271 1574 4382 magni
1604 4268 1796 4382 Principis
1831 4275 1904 4356 ini·

235 4453 259 4495 »
272 4419 341 4500 ..tia
368 4417 411 4497 in
439 4412 663 4530 Religione,
690 4439 793 4527 quae
820 4408 871 4494 ad
899 4408 1161 4526 ignorantiam
1188 4408 1301 4514 anui,
1348 4410 1390 4492 in
1427 4407 1534 4508 hunc
1572 4407 1707 4492 locum
1733 4409 1900 4497 ›traden-

237 4592 257 4636 »
288 4554 340 4642 da
368 4556 686 4668 reservavimus,
713 4555 756 4638 iu
783 4548 922 4636 eadem
950 4554 1115 4636 crevisse
1143 4566 1393 4656 compertum
1422 4568 1507 4652 est,
1535 4546 1673 4630 aliter.
1694 4577 1901 4660 nunquam

245 4736 264 4778 ι
295 4697 369 4784 sibi
398 4689 687 4796 dimittendus,
716 4716 788 4774 noc
815 4685 1107 4800 permittendus
1134 4685 1242 4770 abire
1261 4683 1537 4770 lerosolimam
1552 4687 1637 4771 loca
1655 4709 1783 4772 sancta
1809 4715 1901 4772 cum

234 4875 254 4917 »
285 4836 370 4921 aliis
397 4836 659 4936 visitaturus,
700 4827 829 4914 multo
856 4847 990 4912 autem
1018 4827 1152 4910 minus
1181 4825 1283 4908 vitae
1322 4823 1536 4930 solitariae,
1565 4825 1903 4937 Eremiticaeque,

242 5013 262 5058 a
294 4995 490 5092 qnantum
517 4976 560 5060 in
588 4968 752 5060 Oriente
782 4997 877 5058 cum
908 4967 1149 5058 sanctissimo
1177 4963 1256 5052 alio
1284 4963 1464 5054 Eremia
1491 4963 1725 5080 aliquandiu
1760 4963 1906 5070 fecisse,
