4914 6610
1168 421 1195 482 0

1336 511 1353 630 (
1384 513 1507 631 206)

565 697 635 785 libs
663 693 713 780 V.
742 723 822 806 cap.
842 687 970 804 XLI)
994 688 1057 774 his
1085 684 1217 772 verbis
1241 717 1283 786 :a
1310 687 1436 772 Soleti
1464 681 1738 770 Archidiaconi
1754 683 1978 797 Epistolam
2006 691 2058 777 ad
2083 692 2265 783 Maiora·

561 874 590 946 ⁸»
604 899 607 904 -
622 867 722 922 num
750 832 964 946 Melphitce
992 829 1261 943 Episcopum,
1289 826 1333 910 in
1369 853 1448 938 qua
1478 820 1531 908 de
1559 822 1874 911 sacerdotalibus
1912 828 2179 920 Graecorum
2210 835 2267 921 (l

568 1008 590 1056 n
622 972 850 1062 rientalium
877 971 1020 1056 ritibus
1050 971 1232 1060 distincte
1260 969 1402 1081 agitur.
1431 962 1588 1050 laudat
1623 968 1724 1054 hanc
1757 966 1983 1084 Epistolam
2011 973 2272 1076 Dominicus

567 1154 588 1202 n
621 1116 747 1202 Macri
774 1121 817 1202 in
845 1114 1125 1222 Hierolexico,
1154 1139 1252 1196 vooe
1280 1109 1572 1222 Epigonation3
1600 1111 1672 1199 sed
1699 1111 1883 1227 Epistola
1910 1119 1979 1208 ille
2006 1123 2147 1216 Italice
2169 1133 2271 1215 scri·

570 1300 591 1346 a
625 1289 693 1383 pta
722 1283 790 1348 est
809 1259 969 1348 Ibidem
1006 1255 1197 1345 nonnulla
1212 1247 1363 1339 “adfert
1390 1284 1441 1338 ex
1478 1253 1681 1342 Glossario
1719 1258 1922 1350 Cabasilae
1951 1299 1994 1365 ε
2027 1265 2266 1386 Hucusque

566 1413 809 1522 Fabricius,
841 1416 913 1530 qui
941 1407 1149 1522 postremis
1176 1402 1238 1486 his
1276 1395 1407 1482 verbis
1444 1425 1486 1481 se
1522 1395 1751 1511 Epistulam
1786 1401 1925 1521 legisse
1962 1412 2053 1494 satis
2091 1407 2265 1498 indicat

567 1561 662 1647 Non
691 1587 794 1660 vero,
835 1547 1028 1638 vocabulo
1071 1564 1228 1630 tantum
1275 1540 1586 1654 Epigonum,
1614 1541 1685 1626 sed
1713 1565 1754 1629 et
1780 1547 1857 1631 alio
1894 1553 2015 1635 etiam
2062 1537 2262 1640 Meus

519 1764 524 1770 ·
566 1699 800 1789 huiusmodi
827 1693 1028 1811 Epistolae
1055 1692 1100 1774 in
1140 1683 1399 1778 Hierolexico
1426 1686 1578 1768 mentio
1614 1685 1814 1808 habetur,
1843 1721 1967 1808 eaque
2009 1699 2264 1813 autographa

566 1865 719 1935 servata
747 1841 893 1926 dicitur
921 1843 963 1924 in
990 1828 1207 1918 Tabulario
1236 1821 1733 1942 Viterbiensis·Capituli‚
1757 1831 1891 1915 immo
1919 1837 1961 1917 in
2007 1833 2260 1922 Bibliotheca

569 1975 712 2080 Latini
737 1985 893 2078 Latinii
919 1975 1108 2092 Capitulo
1156 1969 1398 2058 Viterbiensi
1435 1966 1580 2054 relicta.
1609 1965 1714 2084 Quis
1749 2003 1844 2059 vero
1872 1975 1992 2060 fuerit
2021 1979 2149 2064 Soleti
2181 1981 2262 2064 Ar·

569 2135 848 2234 chidiaoonus,
886 2145 926 2210 et
963 2117 1077 2238 quod
1113 2119 1198 2203 eius
1236 2137 1424 2216 nomen,
1467 2108 1599 2197 adhuc
1625 2117 1783 2226 penitus
1816 2107 2008 2234 ignotum.
2050 2119 2261 2232 Tcffurzits

574 2291 687 2399 ipse,
715 2273 894 2385 alioquin
922 2260 1249 2381 diligentissimus
1281 2281 1421 2338 rerum
1449 2253 1789 2346 suaeProv'inciae
1807 2263 2057 2374 conquisitor,
2080 2291 2120 2346 se
2137 2266 2264 2380 igno-

571 2454 676 2512 rasse
704 2418 859 2504 fatetur.
905 2404 1190 2493 Benevolentia
1218 2428 1315 2485 vero
1342 2391 1525 2486 hodierni
1553 2395 1728 2484 Soletani
1756 2399 2097 2517 Archipresbyteri
2122 2426 2166 2491 et
2196 2408 2263 2492 Μ.

569 2567 623 2654 D.
654 2558 863 2649 Dominici
896 2549 1163 2652 Carrozzt‘nt',
1196 2543 1347 2660 quibus
1376 2534 1555 2649 publicas
1582 2537 1791 2625 referimus
1820 2547 1973 2660 gratias,
2001 2565 2143 2632 notum
2173 2545 2258 2634 fuit

574 2700 853 2803 Archidiaooni
879 2691 1088 2805 Scriptoris
1129 2713 1286 2780 nomen
1315 2677 1356 2764 Is
1383 2673 1464 2766 suit
1502 2683 1690 2770 Donatus
1735 2687 1955 2792 Perrinus,
1984 2691 2056 2804 qui
2085 2689 2257 2780 Maiora.

573 2879 723 2942 norum
760 2861 884 2930 aetate
921 2831 1304 2934 Archidiaconatum
1325 2823 1417 2916 'eius
1445 2821 1646 2912 Ecclesiae
1674 2827 1909 2936 obtinebat,
1937 2852 1977 2915 et
2012 2863 2063 2918 eo
2091 2838 2257 2947 potissi·

572 3019 691 3085 mum
719 3007 931 3098 tempore,
964 3007 1050 3093 quo
1081 2973 1267 3060 Soletana
1295 2965 1471 3050 Ecclesia
1499 2994 1522 3053 e
1551 2963 1737 3074 Graeco,
1773 2999 1897 3086 quem
1933 2994 2064 3058 secuta
2090 2971 2258 3082 fuerat,

539 3098 748 3210 ,fita-‚ad
768 3101 959 3192 Latinum
986 3093 1150 3177 transiit.
1168 3087 1284 3172 Tunc
1310 3075 1512 3195 siquidem
1542 3079 1663 3168 Sonti
1688 3085 1764 3167 viri
1793 3083 1990 3170 florebant
2018 3117 2145 3202 quam
2175 3118 2259 3173 ma·
2417 3179 2418 3186 Ν

573 3248 682 3330 xime
710 3247 755 3330 in
783 3239 1035 3330 Graecorum
1059 3231 1177 3314 sacris
1205 3220 1354 3310 eruditi
1392 3219 1643 3335 disciplinis,
1670 3228 1779 3315 inter
1807 3257 1909 3343 quoe
1937 3248 2093 3343 praeter
2122 3225 2257 3317 Per-ri·
2417 3311 2418 3352 ἦ

499 3450 506 3464 .
573 3413 674 3484 num
702 3381 903 3482 eminebat
929 3375 1111 3462 eiusdem
1140 3365 1340 3454 Ecclesiae
1369 3363 1699 3478 Archipresbyter
1720 3372 1916 3458 Antonius
1937 3369 2156 3484 Arcadius,
2179 3377 2253 3490 qui

578 3527 796 3616 Clementis
819 3522 939 3624 VIII.
959 3525 1068 3626 iussu
1089 3542 1244 3607 novum
1258 3505 1584 3594 Ecclesiasticum
1603 3508 1779 3594 Cursum
1796 3515 1838 3594 in
1858 3510 2110 3600 Clericorum
2130 3516 2258 3606 Grae·

575 3693 717 3756 corum
745 3695 866 3752 usum
894 3661 1160 3762 concinnavit,
1179 3685 1303 3769 quem
1331 3647 1501 3756 NEON,
1521 3657 1899 3754 ΑΝΤΟΛΟΓΙΟΝ
1925 3657 2147 3774 appellavit
2180 3663 2249 3746 Iis
2396 3627 2418 3783 l

573 3834 657 3912 erat
685 3833 782 3898 tunc
808 3810 936 3911 acris,
962 3829 1083 3921 atque
1111 3803 1155 3896 in
1181 3801 1359 3888 Romana
1385 3792 1575 3910 agebatur
1602 3791 1725 3880 Curia
1751 3800 1854 3892 inter
1873 3798 2096 3892 Arcadium
2121 3824 2163 3888 et
2184 3803 2258 3891 Ca.
2407 3769 2418 3864 'l

575 3955 755 4068 pitulum
783 3950 1034 4055 Seleucum,
1065 3953 1177 4035 cuius
1206 3949 1294 4030 iura
1322 3943 1473 4028 Romae
1508 3937 1707 4029 Pes-rmus
1753 3934 2002 4026 defendebat
2041 3941 2130 4055 Ops
2158 3973 2257 4038 vero
2312 3792 2418 4094 A}

576 4097 746 4186 utrobi
772 4097 985 4194 Maioriani
1010 4095 1105 4177 inita
1134 4088 1304 4175 demum
1332 4079 1545 4170 concordia
1572 4078 1650 4165 fuit
1677 4108 1781 4164 anno
1816 4081 2156 4172 MDLXXXIIL
2189 4086 2252 4170 ln·

575 4256 925 4351 strumentumque
952 4263 997 4318 ea
1025 4229 1078 4316 de
1097 4259 1138 4313 re
1152 4227 1379 4315 confectum
1398 4229 1492 4314 haec
1519 4223 1638 4309 habet
1659 4240 1703 4306 a*
1728 4225 1778 4310 In
1800 4223 1956 4338 palatio
1985 4226 2091 4316 Ill-‘⁸¹'
2107 4249 2147 4311 et
2165 4231 2265 4316 lta
2411 4215 2418 4294 l

578 4374 749 4479 Domini
778 4377 941 4504 Aloysii
963 4369 1199 4476 Cordinalis
1214 4372 1411 4472 Esu'ensis
1425 4427 1434 4462 ,-
1448 4429 1502 4459 .,.
1522 4383 1579 4450 ‚et
1607 4369 1653 4452 in
1680 4366 1838 4456 stantis
1867 4364 1968 4464 Illffl'
1986 4385 2024 4462 et
2042 4371 2154 4466 Reae·
2173 4371 2258 4458 Do-

578 4516 683 4600 mini
711 4513 878 4600 Ill'colai
906 4515 1118 4600 Maneant
1144 4512 1336 4625 Episcopi
1364 4509 1668 4632 Melplu'ctensis
1695 4543 1738 4604 :a
1764 4511 1866 4600 Inde
1901 4519 2082 4628 sequitur
2109 4543 2257 4600 errasse

578 4646 924 4776 Lombardamt‚et
951 4657 1024 4764 qui
1051 4655 1102 4738 ab
1129 4653 1200 4738 illo
1218 4651 1378 4740 fortasse
1396 4664 1565 4772 accepit,
1590 4657 1832 4772 Tcffurtitm,
1850 4661 1923 4775 qui
1944 4655 2182 4764 Nicolaum,
2201 4657 2256 4742 E-

578 4799 784 4908 piscopatu
812 4790 1014 4899 abdicato,
1042 4792 1235 4900 Mundo,
1261 4794 1444 4906 Romae,
1472 4799 1704 4917 studiisque¹
1717 4827 1885 4916 quoque
1911 4796 2167 4902 valedixisse,
2196 4828 2255 4884 re·

579 4933 809 5052 ducemque
838 4938 880 5024 in
909 4933 1115 5038 Patriam,
1142 4933 1201 5017 ibi
1229 4929 1443 5022 delituisse.
1471 4937 1536 5023 En
1564 4937 1641 5054 hoc
1669 4944 1777 5026 enim
1805 4939 2077 5032 immmenso
2095 4935 2255 5028 abunde
