4846 6622
1038 529 1215 646 (ιιι)

244 715 495 830 pertinentiis
529 701 805 792 Romualdum
843 698 1004 784 fratrem
1040 693 1190 784 Naudi
1213 699 1404 818 Episcopi
1441 705 1493 790 de
1522 701 1687 791 Civitate
1730 706 1928 822 Rapulla,

242 885 292 948 et
321 861 437 944 habet
464 885 512 939 err
540 884 589 936 eo
616 848 763 965 sigillos
793 877 841 931 ex
870 846 964 956 ipsis
994 837 1226 949 Campanis,
1244 863 1373 962 etego
1401 850 1483 932 iam
1513 867 1619 932 retro
1649 865 1826 960 tempore
1855 852 1924 938 oh.

246 998 483 1116 ligationem
521 991 573 1078 ad
601 991 718 1076 illum
747 988 830 1074 secl·
860 982 995 1093 Quam
1022 997 1064 1076 et
1093 992 1268 1088 concedo
1297 992 1370 1076 tibi
1397 985 1592 1072 Salsulam
1621 983 1684 1102 (ι)
1711 1009 1752 1072 et
1787 989 1921 1076 locum

244 1147 326 1256 qui
354 1138 502 1226 dicitur
530 1137 659 1222 Sancti
688 1133 830 1222 Felicis
868 1169 963 1226 eum
1012 1145 1199 1231 omnibus
1242 1132 1486 1250 pertiuentiis
1516 1125 1659 1234 lllelli,
1703 1161 1924 1247 eorumque

246 1281 456 1384 locorum,
484 1293 610 1392 atquej
640 1275 884 1366 Monosteriis
913 1281 1042 1370 latinis
1072 1307 1112 1374 et
1140 1283 1311 1400 graecis,
1339 1297 1379 1361 et
1406 1275 1507 1358 sicut
1535 1301 1616 1382 per.
1635 1292 1825 1356 notorum
1867 1304 1928 1360 se·

245 1428 354 1508 riem
383 1419 554 1525 finium,
583 1451 653 1534 per
697 1453 798 1537 quos
846 1453 951 1512 nunc
981 1426 1140 1513 videtur
1178 1420 1375 1508 dominari
1404 1416 1565 1528 pereuni
1595 1415 1679 1496 iure
1708 1415 1799 1496 -sine
1827 1443 1918 1500 cou-

246 1561 465 1648 tradisioue
493 1585 622 1650 nostra
652 1593 1000 1680 successorumque
1030 1588 1258 1654 nostrorum
1285 1563 1339 1644 ita
1367 1562 1509 1641 intacto
1537 1553 1735 1638 habeatur.
1754 1553 1927 1660 Quoties.

247 1725 389 1788 autem
418 1703 569 1790 ibidem
599 1705 820 1819 Episcopus
848 1708 1135 1795 consecrandus
1164 1727 1247 1808 est,
1276 1731 1431 1815 semper
1468 1697 1518 1782 ab
1559 1695 1631 1782 hac
1659 1695 1930 1810 Metropolita-

242 1879 304 1936 ιιι
333 1849 469 1932 Sancta
498 1847 692 1934 Canusina
721 1849 924 1957 Ecclesia,
955 1856 1021 1938 cui
1051 1854 1139 1937 Deo
1176 1870 1335 1934 auctore
1363 1843 1569 1946 deservio,
1598 1844 1928 1926 consecrationem

244 1992 452 2101 percipiat.
482 1989 703 2075 Statuentes
732 2015 779 2076 ut
807 2015 850 2077 tu
882 1997 962 2080 iam
992 1997 1091 2081 lacte
1119 1990 1310 2092 Praesul,
1339 1989 1480 2100 tuique
1507 2013 1645 2068 omues
1673 2003 1930 2077 successores,

241 2165 410 2247 semper
440 2130 575 2217 sedem
612 2134 654 2215 in
694 2133 862 2244 praelata
892 2133 1005 2220 Melfi
1035 2133 1210 2220 Ecclesia
1237 2129 1435 2230 habeatis,
1479 2123 1616 2238 ibique
1655 2129 1687 2210 si
1724 2155 1837 2238 posse
1866 2143 1925 2210 est

218 2299 391 2360 ¹omnes
420 2279 645 2388 praecipuas
674 2275 916 2364 Festivitates
944 2276 1155 2364 celebretis.
1185 2273 1318 2386 Atque
1346 2267 1556 2352 statuimus
1598 2287 1645 2350 ut
1675 2270 1836 2350 veniatis
1865 2265 1918 2352 ad

245 2449 325 2508 aros
356 2417 480 2500 tribus
510 2415 663 2529 vicibus
691 2419 733 2499 in
762 2447 894 2523 antro,
925 2413 1087 2532 quando
1116 2435 1245 2500 nostra
1274 2411 1501 2494 auctoritate
1530 2409 1637 2494 eritis
1656 2410 1782 2491 vocati
1799 2469 1812 2513 ,
1828 2413 1923 2494 sive

252 2578 301 2642 ut
330 2558 539 2652 missarum
567 2557 773 2641 nobiscum
802 2561 926 2670 parati
953 2559 1142 2644 solemnia
1171 2555 1483 2658 celebretis,sive
1510 2582 1577 2656 ea,
1612 2577 1715 2666 quae
1742 2553 1927 2636 canonice

247 2698 406 2781 erimus
425 2699 577 2778 aucturi
598 2697 808 2783 nobiscum
827 2700 1065 2785 inomnibus
1092 2698 1298 2784 exerceatis
1326 2695 1475 2810 absque
1502 2692 1563 2777 his
1583 2685 1793 2774 dumtaxat
1819 2689 1925 2774 sesti-

258 2834 477 2937 vitatibus,
506 2833 650 2918 scilicet
678 2837 822 2922 Pascha
852 2839 1018 2922 Domini
1047 2859 1088 2922 et
1115 2835 1329 2920 Nativitate
1365 2837 1479 2935 eius,
1517 2859 1562 2914 ac
1598 2825 1664 2912 die
1703 2827 1926 2916 festivitatis

251 2979 416 3060 Sanctae
445 2973 623 3079 Mariae,
660 2996 700 3058 et
738 2974 994 3060 celebratione
1033 2977 1267 3062 Sanctorum
1296 2974 1594 3077 Ecclesiarum,
1632 3001 1735 3086 quae
1773 2972 1831 3060 ibi
1867 2999 1929 3056 so·

251 3113 436 3201 lemniter
463 3103 717 3198 celebrantur.
747 3115 1048 3232 Promulgantes
1076 3146 1211 3202 coram
1239 3117 1359 3222 Deo,
1399 3136 1439 3199 et
1477 3112 1616 3197 futuro
1657 3115 1741 3196 eius
1781 3115 1926 3198 exami-

252 3284 336 3357 ne,
365 3275 410 3339 ut
439 3253 513 3340 hoc
543 3251 656 3368 quod
691 3251 743 3340 ad
779 3253 942 3342 laudem
971 3259 1049 3344 Dei
1086 3262 1313 3363 sancimus,
1356 3278 1561 3373 ceteraque
1597 3253 1661 3340 hic
1703 3257 1848 3367 scripta
1883 3257 1927 3340 in

250 3392 385 3486 nullo¹
400 3392 687 3507 parvipendere
715 3393 901 3482 audeatis.
930 3397 1218 3486 Verumtamen
1246 3431 1375 3516 neque
1404 3429 1506 3502 nos,
1534 3426 1665 3512 neque
1692 3425 1928 3484 successores

238 3539 379 3626 'nostri
412 3541 453 3622 in
483 3541 617 3649 ipsum
645 3559 824 3622 vestrum
852 3537 1117 3650 Episcopium
1154 3536 1307 3655 aliquid
1350 3538 1622 3623 molestiarum
1659 3539 1742 3622 sive
1778 3557 1931 3621 contra·

259 3682 440 3766 rietatem
469 3681 741 3794 angustiarum
771 3676 996 3770 inferamus
1024 3681 1104 3772 Sed
1133 3677 1335 3801 quidquid
1364 3709 1501 3764 rerum
1539 3678 1755 3764 mobilium
1792 3675 1924 3782 sorte,

245 4030 349 4146 nique
373 4045 418 4118 S.
449 4047 718 4151 Megaricam
745 4031 773 4127 si
801 4055 844 4128 de
867 4055 997 4132 dnobus
1020 4057 1138 4156 primis
1162 4067 1271 4128 actum
1306 4052 1445 4146 luisset,
1480 4065 1568 4128 certe
1602 4049 1790 4126 addendum
1814 4029 1927 4126 iusta

248 4173 337 4246 linas
362 4180 471 4248 araris
496 4189 584 4272 erat,
612 4205 681 4281 quo
705 4178 759 4254 illa
783 4206 864 4257 vere
887 4184 968 4258 sita:
996 4191 1164 4297 superest,
1201 4192 1237 4254 ut
1263 4177 1301 4254 S.
1331 4181 1528 4282 Margaritae
1552 4181 1798 4259 Mouasterium
1815 4173 1926 4254 exdu-

251 4327 329 4382 sum
356 4299 564 4400 intelligatur.

349 4428 408 4530 (r)
435 4431 640 4508 Stabulum.
669 4435 732 4508 Est
757 4438 826 4535 agri
852 4434 1096 4537 Melpbictensis
1120 4435 1231 4534 locus,
1259 4440 1358 4514 etiam
1382 4437 1521 4513 nuncil
1546 4435 1657 4514 Salso
1674 4437 1845 4536 dictus,et
1867 4435 1926 4538 qui

250 4559 319 4630 fare
344 4558 387 4630 S.
417 4557 653 4658 allargaritae
678 4560 906 4637 Μοηιιιιιιίο
929 4565 1154 4638 conterminus
1178 4577 1239 4639 est.
1268 4565 1352 4639 Inde
1376 4565 1516 4640 fortassis
1539 4565 1683 4662 lactum,
1702 4579 1740 4640 ut
1765 4565 1854 4639 locus
1869 4563 1924 4636 illo

244 4710 330 4757 cum
359 4683 397 4758 S.
426 4687 548 4760 Felicis
571 4687 719 4762 Ecclesia
741 4692 909 4788 speciatim
936 4692 1183 4792 designaretur,
1210 4719 1252 4768 ue
1277 4693 1377 4769 simul
1402 4719 1480 4788 cum
1505 4695 1734 4790 Monaterio,
1761 4715 1864 4766 uuum
1892 4701 1926 4769 et

147 4851 152 4860 ·
255 4814 356 4908 altera
382 4813 585 4893 domnaldo
609 4843 744 4920 quoque
767 4817 888 4894 donata
913 4819 1129 4896 viderentur!
1454 4923 1473 4960 ἡ
