4914 6610
766 696 770 703 .
1175 653 1176 658 a
1249 560 1422 678 (190)
2112 699 2120 714 „

500 757 538 824 et
566 735 618 820 ad
647 761 797 849 qnam,
826 731 927 816 sicut
956 727 1038 816 fide
1066 728 1283 846 dignorum
1310 727 1428 820 habet
1456 735 1644 839 assertio,
1665 757 1834 849 propter
1863 737 2071 829 innumera
2101 753 2174 835 mi,

495 875 658 984 racula,
687 892 789 991 quae
818 873 996 962 eiusdem
1024 875 1206 976 meritis,
1235 890 1275 956 ct
1304 873 1577 970 intercessione
1604 877 1770 993 singulis
1798 877 1850 964 ad
1895 911 1983 968 eam
2012 885 2170 995 devote,

498 1017 816 1122 recurrentibus,
845 1037 885 1100 et
915 1017 1037 1128 ipsius
1066 1015 1331 1127 patrocinium
1348 997 1456 1106 'cunr
1486 1017 1707 1112 humilitate
1736 1020 2073 1134 implorantibus,
2100 1029 2171 1114 nt.

493 1167 668 1248 tissimus
699 1179 880 1274 operatus
910 1182 967 1243 est
995 1158 1208 1262 hactenus,
1237 1179 1276 1244 et
1305 1175 1490 1267 operatur
1529 1161 1571 1240 in
1599 1158 1714 1263 dies,
1742 1192 1790 1250 ex
1830 1159 1995 1250 diversis
2025 1171 2168 1260 mundi

500 1303 677 1423 partibus
694 1287 852 1412 'Populi
882 1295 1104 1386 multitudo
1132 1299 1320 1405 confluit,
1339 1298 1688 1412 quemadmodum
1717 1333 1788 1415 par
1816 1327 1873 1390 est
1901 1315 2167 1426 oongrnisho

499 1447 661 1535 nuribus
689 1445 950 1559 frequentari,
980 1460 1019 1525 et
1049 1461 1095 1522 ut
1122 1437 1260 1527 fideles
1289 1444 1363 1556 ipsi
1394 1469 1441 1526 co
1471 1441 1660 1526 libentius
1687 1442 1910 1534 devotionis
1940 1477 2053 1537 causa
2075 1487 2166 1545 con·

495 1571 622 1673 ssuant
659 1585 710 1671 ad
747 1581 955 1686 eamdem,
984 1604 1023 1665 et
1050 1611 1125 1696 pro
1156 1583 1422 1694 reparatione,
1460 1605 1499 1666 et
1528 1589 1833 1711 conservatione¹
1868 1591 1993 1702 ipsius
2026 1591 2161 1683 Eccle.

499 1731 598 1832 siae,
627 1757 671 1812 ac
699 1725 807 1810 illius
835 1725 1099 1827 ornamentis,
1128 1753 1229 1850 quae
1257 1723 1525 1837 superioribus
1543 1732 1670 1818 ‘annis
1707 1726 2031 1842 aperfidissimis
2058 1739 2158 1824 Tur,
2297 1809 2303 1818 ,

499 1871 586 1974 cis,
615 1873 726 1986 gravi
765 1871 946 1969 iactura,
975 1891 1019 1950 ac
1048 1868 1222 1947 maximo
1250 1861 1398 1958 damno
1407 1931 1418 1972 ,
1447 1899 1491 1953 ac
1518 1867 1758 1962 detrimento
1796 1857 1949 1960 tamin
1978 1877 2167 1972 aedificiis

494 2043 617 2132 quarn
645 2017 687 2098 in
716 2009 875 2096 caeteris
904 2007 1021 2092 robus
1050 2008 1181 2090 affecta
1210 2029 1298 2109 cst,
1327 2043 1467 2110 manus
1495 2017 1691 2126 promtius
1717 2019 1918 2132 porrigant
1937 2019 2163 2132 adiutrices,

491 2187 576 2270 quo
605 2187 652 2239 cx
680 2157 756 2250 hoc
782 2147 936 2238 ibidem
965 2143 1072 2237 douo
1101 2147 1272 2232 caelestis
1300 2153 1445 2266 gratiae
1488 2155 1648 2238 uberius
1678 2163 1947 2270 conspexerint
1998 2195 2039 2250 se
2065 2168 2164 2256 refe

492 2300 655 2408 ctos;de
683 2297 964 2409 omnipotentis
993 2295 1068 2376 Dei
1099 2293 1375 2420 misericordia,
1404 2323 1458 2422 ac*
1475 2293 1632 2383 Beatiss
1651 2297 1757 2381 Petri
1785 2321 1825 2382 et
1853 2298 1962 2386 Pauli
1984 2303 2153 2418 ltposto⁷

355 2431 357 2440 ’
493 2442 629 2528 lorum
657 2441 741 2521 eius
770 2437 996 2519 auctoritate
1025 2430 1182 2536 confisi,
1209 2434 1426 2538 omnihus,
1456 2455 1495 2519 et
1523 2436 1686 2552 singulis
1714 2435 1860 2536 Christi
1889 2438 2076 2532 fidelibus
2096 2479 2160 2534 ve„

491 2613 535 2666 re
563 2577 883 2694 poenitentibus,
903 2567 951 2658 ¹et
979 2571 1181 2681 confessis,
1209 2581 1280 2690 qui
1308 2580 1351 2668 io
1380 2577 1544 2692 singulis
1561 2602 1719 2666 octavae
1737 2580 2049 2674 Resurrectionis
2070 2589 2155 2676 Do,

492 2724 592 2812 mini
621 2723 744 2803 nostri
773 2715 863 2802 lesu
893 2715 1061 2822 Christi,
1089 2738 1129 2800 ct
1156 2715 1377 2802 Natiuitatis
1405 2713 1582 2804 eiusdem
1612 2719 1817 2806 Gloriosae
1846 2723 2022 2842 Virginis
2060 2727 2161 2816 iestis

492 2866 663 2948 vitatum
691 2859 833 2946 diebus
860 2840 883 2942 a
910 2861 1053 2974 primis
1088 2857 1273 2969 Vesperis
1301 2857 1507 2969 usquead
1534 2858 1722 2956 sanandas
1751 2861 1941 2976 Vosporas
1969 2868 2161 2958 inclusive

494 3001 754 3098 festivitatum
792 2991 1055 3105 earumdem,
1084 2999 1302 3092 Foclosinn
1332 2999 1467 3112 ipsam
1493 2997 1538 3094 B,
1567 2999 1623 3096 Μ,
1651 3001 1710 3090 do.
1731 3003 1975 3116 Martyribus
2014 3007 2158 3126 devote

490 3153 763 3253 visitaverint,
790 3164 831 3230 et
860 3129 981 3258 ipsius
1019 3142 1188 3230 fabricae
1225 3143 1528 3246 instaurationi,
1555 3164 1597 3228 et
1631 3152 1945 3256 conservationi,
1983 3169 2026 3248 et
2052 3189 2163 3244 orna·

492 3293 634 3382 urentis
663 3287 899 3416 praedictis,
927 3288 1011 3369 sivo
1039 3283 1132 3367 alias
1161 3283 1269 3366 iuxta
1308 3288 1450 3370 mrum
1478 3287 1698 3394 ,arbitrium
1729 3321 1870 3387 manus
1912 3306 2160 3410 porrexerint

488 3427 700 3521 adiutrices
728 3429 950 3520 Plenariam
979 3429 1162 3512 omnium
1201 3443 1453 3542 peccatorum
1480 3431 1646 3516 suor'um
1676 3433 1945 3526 remissionem
1981 3439 2163 3532 concedi,

492 3561 591 3680 mus
615 3573 785 3683 pariter,
813 3587 854 3662 et
881 3567 1107 3681 largimur,
1135 3561 1402 3677 praesentibus
1430 3573 1630 3684 perpetuis
1658 3567 1804 3658 suturis
1825 3579 2071 3688 tenporibus
2088 3579 2165 3666 du,

491 3711 644 3810 ‘naturis
674 3703 827 3800 Datum
854 3707 1003 3790 Romae
1029 3703 1139 3819 apud
1168 3703 1204 3796 S,
1233 3707 1398 3805 Petrum
1426 3733 1529 3806 anno
1556 3709 1835 3814 lntamationis
1863 3717 2029 3817 Domini
2068 3721 2160 3808 mil,

496 3847 636 3938 lasimo
666 3825 1034 3964 'qnadrigentesimo
1076 3847 1344 3960 octuagesimo
1383 3848 1527 3959 quinto
1573 3848 1769 3944 Kalendis
1790 3852 1907 3948 Iunii.
1957 3841 2164 3958 Pontifici,
2297 3919 2385 3996 ὁ
2421 3871 2436 3956 ².

496 4011 561 4072 tus
589 3988 710 4074 nostri
739 4015 842 4078 anno
869 3991 1061 4106 primos-*t
1077 3983 1123 4076 A.
1142 3986 1299 4074 Urbioo
1311 4003 1354 4076 5³.
1368 3983 1412 4083 P,
1430 3983 1556 4087 Tnba.
1573 4007 1614 4082 τε,
1631 3991 1772 4122 Regist
1788 3993 1897 4122 apud
1912 4028 1978 4100 me
1991 4001 2029 4098 S,
2055 3999 2159 4097 Grif,
2379 4009 2436 4099 >e

496 4127 843 4254 subiungenstalc
870 4125 1036 4232 donum,
1057 4123 1266 4227 thecatum,
1276 4146 1314 4222 ‚et
1343 4122 1503 4230 Bullam
1522 4138 1577 4218 sic
1605 4133 1731 4236 diotae
1758 4137 1953 4238 Ecclesiae
1985 4172 2162 4246 oonosssa

495 4295 570 4402 pro
595 4255 733 4364 'salute
753 4271 998 4400 'Animarum
1027 4264 1225 4394 divulgari
1260 4265 1386 4354 facere
1413 4293 1486 4384 per
1528 4291 1659 4374 notum
1687 4273 1878 4393 Regnum·
1899 4299 1941 4374 et
1966 4301 2083 4380 extra.
2112 4283 2164 4399 (*)

587 4470 643 4580 (s)
665 4437 772 4568 Quod
796 4433 1117 4551 BonumFausttnn
1142 4435 1299 4568 Felisque
1323 4441 1377 4540 sii.
1401 4439 1523 4558 Huic,
1551 4465 1593 4553 de
1617 4449 1688 4574 tina
1720 4447 2059 4572 hucirsque‘cgitnus,
2086 4473 2156 4551 Eos

483 4593 608 4674 ilesiae
629 4621 757 4683 novum
780 4593 914 4684 accedet
937 4595 1062 4689 decus,
1090 4615 1183 4682 pora
1202 4588 1303 4690 gloria
1315 4617 1327 4688 ,·
1345 4594 1524 4696 populique
1548 4601 1647 4678 nostri
1672 4625 1747 4702 erga
1773 4597 1835 4672 SS·
1862 4599 2033 4698 Virginem
2051 4603 2156 4702 pictas

484 4697 715 4815 restaurabitur
726 4725 932 4828 providentia
947 4723 1073 4822 Optimi
1099 4722 1260 4826 Episcopi
1277 4719 1488 4813 PllILlPPI
1502 4723 1671 4814 IUDICE
1689 4727 2003 4816 CAntCCIOLQ.
2019 4729 2154 4804 Fratue

490 4861 643 4934 Minores
673 4857 712 4933 S.
742 4856 912 4938 Francisci
927 4881 945 4928 e
971 4853 1237 4944 ilclornratorum
1262 4863 1357 4939 coctu
1382 4849 1426 4924 illi
1440 4851 1604 4932 Erdtsiao
1619 4852 1828 4930 Conventnm
1842 4859 1899 4956 qni
1915 4855 1982 4930 ism
1996 4857 2119 4953 murgi
2136 4870 2163 4950 t,

483 4991 714 5068 adtrauentem
730 4988 921 5082 habebunt,
942 4999 974 5062 et
998 4987 1109 5060 locum
1133 4984 1266 5072 divinae
1289 4979 1536 5076 ltmcvolcotiae
1554 5035 1565 5080 ,
1584 4995 1617 5078 et
1638 4983 1883 5080 wisandus
1907 4997 2045 5082 testem,
2063 5009 2148 5087 quos

485 5119 612 5196 tintinnis
634 5121 697 5204 Dei
722 5119 877 5204 laudibus
904 5113 1134 5232 honestabunt,
