4884 6692
1242 575 1394 696 (η’)

380 979 383 986 ,
486 873 629 968 Ordini
658 807 889 990 Scripturas
916 887 1058 952 sacras
1085 859 1131 945 in
1169 825 1355 988 Ecclesia
1391 861 1553 980 legendi
1589 861 1732 951 similis
1760 883 1818 956 est
1855 791 1969 956 Ordo
2009 867 2169 994 legendi

895 1011 938 1094 in
963 1001 1193 1112 refectorio,
1221 1035 1342 1120 ptem
1371 1009 1573 1124 integrum
1601 1004 1760 1094 danna
2019 1075 2021 1082 ,

366 1259 414 1421 ἰ
606 1325 624 1369 ι
658 1275 766 1398 Haec
793 1309 852 1375 est
879 1267 1124 1378 consuetudo
1152 1284 1311 1405 legendi
1339 1291 1382 1376 in
1408 1288 1614 1376 refectorio
1651 1225 1836 1377 Ecclesie
1867 1290 2072 1384 Dominici
2111 1329 2173 1386 se·-

408 1424 417 1500 ἶ
490 1469 510 1512 s
543 1413 684 1552 pulcri.
709 1431 749 1556 A
778 1432 979 1518 nativitate
1008 1424 1174 1514 Domini
1202 1459 1330 1546 usque
1367 1428 1420 1516 ad
1448 1433 1777 1548 septuagesimam
1804 1428 1994 1550 leguntur
2021 1439 2173 1525 omelia·

407 1556 414 1575 ’
487 1575 510 1654 ‘»
544 1573 859 1690 Evangeliorum
888 1592 928 1654 et
956 1575 1210 1684 proprietates
1228 1569 1290 1688 (r)
1308 1593 1560 1680 sanctorum,
1578 1569 1651 1680 ubi
1678 1595 1814 1659 autem
1840 1574 1910 1662 ille
1938 1574 2171 1684 defecerint,

486 1701 506 1834 ιι
538 1715 682 1832 legitur
711 1713 955 1826 Augustinus
984 1741 1107 1826 super
1131 1710 1361 1797 Iohannem
1389 1715 1471 1798 Per
1504 1734 1638 1798 totum
1672 1743 1770 1798 veru
1801 1717 1896 1800 anni
1938 1717 2160 1820 cuculum,

489 1893 508 1933 ιι
541 1854 657 1970 quod'
683 1886 764 1939 nou
792 1876 921 1968 potest
949 1851 1029 1970 legi
1057 1851 1110 1938 de
1138 1851 1375 1938 bibliotheca
1403 1853 1466 1970 (2)
1494 1858 1537 1940 in
1564 1855 1758 1959 Eoclesia,
1777 1856 1820 1940 in
1848 1853 2054 1946 refectorio
2074 1889 2169 1974 per--

482 1987 504 2074 s
536 1997 682 2112 legitur
709 2019 748 2080 et
776 1999 819 2080 in
846 2025 1085 2109 unaquaque
1112 1989 1336 2078 ebdomada
1363 1997 1487 2078 sancti
1511 1994 1727 2110 Augustini
1751 1994 1886 2110 regula
1916 1993 1978 2112 (3)
2007 1999 2159 2116 legitur

483 2124 504 2218 's
536 2141 611 2223 nisi
648 2137 784 2251 aliqua
819 2135 1006 2220 festivitas
1043 2137 1258 2220 occurrerit
1294 2161 1381 2248 quc
1411 2137 1695 2246 proprietatem
1727 2134 1867 2220 habeat
1914 2137 1958 2220 in
2001 2135 2168 2224 Brevia*

481 2316 502 2358 ι»
535 2282 595 2361 rio
624 2277 688 2360 vel
717 2281 761 2360 in
788 2277 1031 2390 passionario
1055 2271 1187 2389 (A).A
1215 2251 1505 2390 septuagesima
1528 2303 1656 2392 usque
1684 2273 1741 2358 ad'
1765 2279 1988 2387 passionem
2011 2279 2158 2365 Domi.-

483 2455 503 2496 »
536 2422 598 2522 ni,
627 2420 665 2500 si
689 2415 791 2500 fiute
819 2412 992 2498 defuerit
1019 2413 1289 2519 bibliotheca,
1320 2409 1470 2526 legitur
1503 2439 1719 2494 exameron
1741 2408 1949 2493 Ambrosii.
1976 2410 2085 2496 lutra
2112 2447 2157 2496 ο·

481 2592 502 2633 2>
535 2577 689 2640 ctavam
717 2555 931 2666 passionis,
959 2555 1034 2638 nisi
1063 2551 1263 2639 defiterint
1281 2552 1426 2639 omelie
1444 2549 1775 2668 Evangeliornm,
1794 2551 1937 2670 iegitur
1971 2557 2167 2672 Augusti*

485 2671 505 2826 i>
538 2728 612 2782 nus
641 2725 759 2809 super
788 2693 1014 2807 Epistulam
1040 2694 1224 2780 Iohannis
1252 2721 1381 2807 usque
1408 2688 1462 2775 ad‘
1488 2689 1621 2776 finem.
1650 2691 1744 2801 Quo
1773 2688 1888 2777 finito
1905 2694 2050 2811 legitur
2077 2699 2168 2781 Au·-

479 2874 500 2916 »
536 2844 714 2954 gostinus
742 2867 860 2950 super
889 2835 1159 2950 psalterium,
1179 2835 1252 2922 nbi
1280 2831 1480 2919 defuerint
1506 2829 1659 2915 omelte
1677 2829 1990 2948 Evangebornm
2018 2865 2067 2919 en
2095 2836 2154 2920 bi·

475 3016 499 3059 u
529 2981 722 3066 hliotheca
741 3009 869 3094 usque
896 2978 951 3110 ad
976 2979 1227 3062 nativitatem
1250 2976 1417 3060 Domini
1435 2999 1572 3086 nsque
1583 2965 1634 3052 ad
1653 2969 1729 3054 kal
1742 2971 2051 3084 SeptembrisA
2073 2973 2164 3056 tat.

476 3151 504 3244 ιι
530 3120 779 3236 Septembris
800 3149 936 3234 usque
957 3116 1009 3204 ad
1038 3121 1288 3210 nativitatem
1312 3115 1483 3199 Domini
1508 3108 1672 3192 moralia
1709 3107 1784 3195 Iob
1821 3111 2041 3246 leguntur,
2076 3113 2158 3194 nist

477 3257 496 3342 ἰ
529 3260 728 3348 defuerint
764 3250 909 3347 omelia
947 3259 1263 3376 Evangeliorum
1291 3274 1331 3340 et
1368 3251 1603 3341 bibliotheca
1632 3272 1760 3365 atrpte
1778 3253 2045 3366 proprietates
2062 3277 2155 3333 saus·

476 3399 499 3478 ἰι
532 3423 703 3486 storum
805 3423 809 3430 '
1389 3415 1395 3426 '

261 3903 264 3912 ·
419 3937 426 3949 ,
572 3850 750 3952 (1)Quas
773 3823 862 3926 nunc
891 3853 1063 3930 lectiones
1083 3860 1261 3958 proprias
1286 3855 1543 3949 Sanctorwn,
1547 3910 1549 3918 .
1586 3850 1648 3928 vel
1663 3848 1765 3955 festi
1791 3850 1947 3928 attatum
1974 3850 2118 3925 dicimus
2133 3899 2154 3942 ,-

472 3973 730 4074 indiginbantur
753 3978 840 4056 olim
853 3987 1086 4082 proprietatis
1108 3985 1264 4059 nominc.-
1327 4077 1330 4082 Ι

572 4103 748 4204 (2)Cave
790 4136 833 4184 ne
865 4131 985 4184 vocem
1014 4108 1271 4187 bibliothecam
1302 4137 1363 4212 pro
1393 4079 1470 4187 loco
1487 4133 1601 4211 ,quo
1623 4103 1704 4182 libri
1736 4103 1953 4182 adservantur
1986 4107 2149 4208 accipias

468 4231 561 4305 Olim
601 4235 647 4308 ita
674 4235 899 4336 appellabatiu
936 4236 1029 4312 liber
1057 4237 1260 4315 Bittiomm
1292 4261 1506 4314 sacrorum..
1532 4234 1788 4333 Videatun,si
1761 4233 1954 4332 siplacet,
1982 4233 2147 4334 fraugins

462 4355 620 4434 &terum
645 4365 775 4460 optima
802 4364 901 4439 istaec
943 4376 1015 4438 erat
1044 4365 1255 4438 cousuetudo
1282 4363 1623 4464 Hierosolymitnrum
1648 4363 1916 4458 eanonicam,
1949 4357 2071 4436 scilieet
2098 4359 2155 4435 le

466 4485 603 4585 geudi
593 4513 636 4560 ιιι
656 4488 842 4586 resecton‘o,
869 4489 968 4591 quod
990 4489 1098 4590 legi
1087 4515 1125 4565 ιιι
1157 4487 1306 4567 Ecclesia
1336 4515 1404 4567 non
1433 4487 1650 4645 petenensis
1679 4503 1755 4565 tota
1776 4492 2020 4592 suiptnrarum
2041 4488 2147 4564 seties

473 4639 534 4716 per
567 4641 690 4690 annum
714 4613 895 4718 legebatur

567 4744 627 4846 (3)
654 4747 750 4837 Quae
776 4759 863 4820 terte
886 4749 927 4822 in
945 4745 1142 4823 Berolitnno
1159 4749 1286 4825 conce
1302 4749 1441 4849 legitur,
1469 4749 1535 4825 seri
1548 4773 1656 4852 quam
1674 4749 1857 4826 eminete
1884 4749 1985 4824 aaut
1996 4750 2148 4828 vacavit

564 4874 622 4972 (i)
644 4876 926 4952 Pessinuntiam
953 4873 1042 4952 liber
1065 4875 1184 4954 seilicet
1206 4875 1284 4979 quo·
1295 4887 1479 4978 passiones
1513 4881 1716 4981 Martyrum
1728 4879 2008 4957 continebantur,
