4914 6610
1025 484 1044 606 <
1078 484 1202 608 ¹7⁵)

862 783 940 874 u)
970 781 1119 872 ornu
1148 781 1202 870 n.
1231 773 1379 872 ruuu

469 1067 519 1152 In
553 1067 590 1150 S.
623 1067 787 1154 Mertai
817 1069 1027 1184 Peregrini
1056 1023 1279 1198 Hydrttltto
1315 1063 1497 1188 Dantem
1530 1037 1781 1201 Odeltor'iam

970 1207 1270 1298 Adrrotutr'oner.

283 1376 442 1580 Qnmr
471 1449 600 1550 nihil,
630 1445 742 1561 quod
779 1453 970 1562 pertineat
1012 1447 1065 1534 ad
1087 1447 1400 1534 Ecclesiasticam
1419 1448 1623 1534 historiam
1666 1443 1826 1548 harum,
1869 1473 1968 1558 quas

285 1589 533 1688 incolimus,
563 1591 801 1702 regionum,
830 1617 911 1672 esse
940 1589 1054 1675 nobis
1090 1587 1264 1676 alienum
1302 1590 1454 1702 possit,
1490 1615 1704 1703 quumque
1741 1585 1968 1701 legeremus

282 1753 365 1816 acta
396 1729 434 1814 S
463 1727 633 1818 Nicolu
662 1729 898 1844 Peregrini,
937 1727 1112 1816 inlu'stris
1139 1733 1348 1816 Tranensis
1375 1727 1557 1814 Civitatis
1585 1729 1748 1812 Patroni
1788 1753 1968 1840 praesen·

284 1873 459 1973 tissimi,
488 1867 600 1982 apud
630 1866 909 1955 Bollaudianos
937 1870 1094 1986 aliquae
1123 1873 1464 2002 ohservationes‘aea
1495 1869 1608 1955 nohis
1628 1866 1752 1956 laetae
1769 1869 1863 1970 sint,
1882 1895 1963 1950 non

285 2017 488 2128 ingratum
508 2007 605 2092 'lore
634 2029 825 2120 putamus
853 2009 921 2092 has
950 2009 1176 2116 lectorum,
1204 2031 1243 2095 et
1280 2015 1454 2096 maxime
1480 2009 1774 2113 Tranensium,
1812 2003 1964 2090 iudicio

285 2151 490 2270 subiicere.

398 2289 520 2376 Omni
550 2288 691 2404 procul
721 2289 848 2376 dubio
884 2312 941 2376 est
969 2293 1006 2376 S.
1034 2292 1231 2380 Iuvenem
1259 2325 1283 2380 e
1310 2293 1507 2401 Graecia,
1543 2293 1654 2380 unde
1696 2315 1807 2381 ortus
1845 2317 1957 2402 erat,

289 2426 558 2546 Hydruntum
584 2429 803 2545 appulisse,
830 2429 954 2546 idque
982 2437 1067 2518 eius
1105 2462 1187 2524 acta
1201 2495 1209 2508 ·
1223 2456 1427 2522 testantur.
1458 2434 1514 2518 Et
1543 2438 1725 2550 primum
1770 2433 1883 2550 quod
1921 2438 1964 2519 in

193 2606 200 2616 ·
286 2575 335 2656 iis
377 2569 553 2675 dicitur,
583 2571 621 2656 S.
650 2571 870 2658 Mortuum
906 2569 1091 2658 videlicet
1124 2579 1189 2664 SS.
1218 2579 1295 2664 Dei
1323 2576 1535 2662 Genitrieis
1574 2579 1814 2690 imaginem,
1853 2605 1956 2690 quae

287 2741 402 2800 more
454 2709 570 2795 solito
625 2709 785 2821 publica
838 2710 1121 2827 supplicatione
1166 2749 1238 2834 per
1275 2722 1475 2804 civitatem
1527 2715 1766 2819 ferebatur,
1803 2713 1968 2799 adorare

162 2937 175 2962 ‚
281 2858 475 2959 renuisse,
503 2857 772 2968 quaestionem
802 2877 957 2960 movet,
984 2887 1100 2943 eccur
1126 2859 1290 2945 Sanctus
1325 2855 1548 2943 adolescens
1592 2853 1791 2940 obstinato
1819 2857 1965 2956 auimo,

283 3028 305 3082 a
333 2991 485 3110 populo
513 2997 633 3078 etiam
660 2998 902 3109 requisitus,
930 2999 1188 3086 venerationis
1234 3002 1394 3118 signum
1432 2997 1526 3084 dare
1572 3000 1786 3120 negaverit,
1812 2995 1966 3080 Doctis-

283 3142 408 3222 simus
435 3137 641 3219 enimvero
680 3135 969 3248 Papehrochius
1006 3137 1057 3224 ad
1084 3139 1195 3228 diem
1226 3155 1287 3228 23¹¹
1314 3139 1422 3225 Iunii
1454 3137 1499 3224 id
1535 3135 1675 3222 fecisse
1719 3165 1814 3220 eum
1841 3136 1966 3246 suspi·
2064 3187 2068 3216 .

281 3301 396 3404 catur
423 3274 661 3370 humilitatis
691 3311 849 3385 caussa,
878 3302 1005 3397 utque
1034 3285 1085 3370 ab
1102 3283 1373 3396 Hydruntinis
1400 3280 1526 3366 veluti
1557 3279 1711 3382 fatuus,
1726 3308 1771 3362 ac
1795 3274 1963 3362 demens

288 3443 516 3508 censeretur.
544 3425 645 3508 Pace
673 3444 809 3507 autem
838 3426 935 3506 tanti
963 3427 1043 3509 viri
1069 3455 1141 3514 nec
1169 3458 1230 3513 res
1258 3430 1342 3540 ipsa
1379 3455 1428 3510 ex
1457 3427 1550 3508 actis
1587 3416 1673 3507 erui
1711 3435 1865 3534 posse,
1886 3449 1962 3505 uec

288 3566 377 3647 satis
404 3569 468 3675 pia
497 3567 695 3649 excusatio
723 3561 893 3650 videtur.
923 3562 1123 3650 Mendum
1151 3569 1313 3656 fortasse
1340 3569 1438 3654 latet
1478 3573 1522 3653 in
1549 3566 1642 3652 Mss
1682 3597 1730 3653 ex
1759 3593 1843 3680 quo
1872 3579 1958 3644 aeta

288 3711 477 3818 exscripta
504 3727 608 3811 sunt3
625 3725 665 3789 et
692 3697 834 3820 populi
865 3700 1116 3816 Hydruntiui
1146 3743 1261 3801 voces
1288 3712 1378 3798 illae
1398 3711 1513 3797 Abba
1531 3705 1671 3812 adora,
1693 3708 1806 3804 Abba
1824 3697 1964 3792 adora,

272 3879 370 3935 'non
398 3846 450 3933 ad
478 3849 667 3932 Sanctum
696 3849 832 3928 virum
860 3841 1053 3950 directae,
1080 3852 1153 3939 sed
1180 3852 1232 3939 ad
1269 3851 1466 3943 ladanum
1495 3849 1615 3935 illum
1643 3851 1801 3963 potius,
1829 3869 1964 3959 quem

285 3967 370 4104 ipse
397 3989 559 4076 Sanctus
588 3989 797 4090 salutasse,
825 4007 863 4070 et
891 4007 1097 4101 tamquam
1127 3999 1246 4079 unius
1260 3990 1469 4104 factoris,
1496 3989 1715 4106 similisque
1733 3989 1966 4106 plasmatis,

286 4133 555 4246 amplexatum
585 4132 706 4216 fuisse
734 4137 777 4217 in
804 4133 899 4244 ipsis
927 4133 1021 4216 actis
1058 4127 1241 4222 refertur.
1270 4130 1433 4249 Ecquid
1470 4135 1578 4216 enim
1607 4129 1751 4216 Graeci
1777 4131 1957 4216 homines

286 4275 422 4395 quales
453 4273 715 4390 Hydruntinr'
741 4297 837 4359 tunc
866 4277 1083 4388 temporis,
1120 4279 1274 4364 homini
1313 4273 1550 4362 adolescenti
1593 4298 1633 4368 et
1661 4273 1864 4362 Graeculo
1892 4299 1966 4413 no)

286 4450 379 4508 men
410 4421 526 4504 Abba
555 4417 820 4504 tribuissent?
848 4417 1021 4503 Credere
1048 4417 1195 4504 melius
1233 4417 1391 4504 fortasse
1427 4421 1502 4503 erit
1531 4414 1729 4504 Iudaeum
1764 4441 1959 4502 recusasse

286 4562 555 4662 adorationem
583 4559 620 4644 S.
651 4557 858 4675 Imaginis‚
886 4578 926 4642 et
954 4589 1003 4643 ex
1031 4587 1080 4644 eo
1108 4557 1329 4678 indignatos
1358 4556 1640 4672 Hydruntinos
1658 4557 1880 4644 verberasse
1890 4554 1955 4641 Iu-

287 4707 446 4811 daeum,
476 4725 515 4790 et
544 4702 645 4787 forte
672 4704 793 4787 etiam
821 4703 1010 4818 §auctum
1038 4703 1264 4808 Iuvenem,
1291 4733 1415 4819 quem
1443 4700 1719 4788 existimabant
1748 4692 1892 4784 Iudaei
1917 4728 1959 4779 a·

284 4853 447 4936 micum.
486 4847 566 4934 Sed
602 4849 866 4934 coniecturam
893 4848 992 4934 hanc
1021 4844 1165 4932 melius
1194 4843 1281 4930 aliis
1295 4839 1596 4930 examinandam
1625 4840 1904 4955 relinquimus
