4914 6610
1081 637 1100 756 (
1134 635 1211 724 165
1240 634 1258 754 )
1297 659 1318 674 ”

451 801 580 894 Isthac
606 833 703 892 vero
731 821 876 892 statuta
904 803 1215 922 Garganicarum
1242 831 1379 891 rerum
1407 763 1650 912 chronotaxi,
1658 807 1789 890 omnia
1818 837 1919 921 quae
1949 805 2001 892 de

314 945 380 1034 Ss.
422 951 719 1064 Episcoporum
747 944 800 1030 ad
828 943 1090 1033 dedicandam
1117 945 1154 1029 S.
1185 947 1418 1062 Archangeli
1447 947 1655 1034 Basilicam
1674 955 1813 1035 itinere
1844 983 2000 1040 narrau-

324 1110 427 1197 tur,
456 1091 618 1176 nullum
646 1118 806 1205 prorsus
834 1087 977 1173 habere
1004 1086 1140 1172 locum
1168 1107 1363 1201 possunt,
1392 1091 1434 1171 ni
1461 1086 1563 1173 forte
1592 1093 1683 1204 quis
1720 1095 1907 1204 suspicari
1937 1125 2000 1178 ve·

318 1224 374 1308 lit
419 1229 553 1341 plures
589 1231 815 1314 convenisse
843 1227 1063 1342 Episcopos
1091 1225 1143 1312 ad
1171 1227 1344 1332 festum,
1373 1232 1457 1313 sive
1485 1234 1610 1315 etiam·
1634 1229 1685 1315 ad
1725 1234 2000 1318 reconciliatio-

324 1394 433 1452 nem
462 1368 623 1452 Sanctae
650 1367 837 1452 Basilicac
865 1389 965 1471 tum,
995 1399 1089 1454 cum
1118 1400 1141 1452 a
1168 1370 1205 1451 S.
1228 1367 1402 1454 Barbato
1431 1369 1538 1476 fuit,
1568 1391 1614 1454 ut
1644 1403 1715 1484 par
1742 1393 1845 1478 erat,
1862 1363 2005 1460 restau-

333 1529 442 1594 rata.
475 1507 616 1624 Neque
645 1539 740 1594 vero
767 1539 838 1594 nos
867 1529 1053 1621 putamus
1081 1510 1157 1594 sub
1184 1509 1328 1598 eodem
1358 1511 1565 1624 Sipontino
1585 1511 1813 1628 Episcop0‚
1842 1515 1881 1602 S.
1902 1517 2028 1622 Lau·⁸

337 1656 475 1735 rentio
504 1651 715 1759 videlicet,
742 1674 781 1736 at
799 1650 1098 1766 Apparitionem
1126 1650 1288 1751 factam,
1305 1671 1345 1736 et
1371 1651 1588 1736 Victoriam
1615 1654 1888 1757 obtentam,et
1903 1652 2011 1742 dein·

336 1789 399 1876 de
428 1791 644 1876 Ecclesiam
674 1791 905 1878 dedicatam.
935 1790 1057 1899 Quod
1086 1797 1206 1878 etiam
1233 1793 1369 1906 aliquo
1397 1791 1522 1878 modo
1540 1795 1699 1906 probari
1718 1799 1876 1910 poterit,
1896 1796 2009 1912 quod

341 1934 390 2016 in
418 1951 532 2044 porta
560 1963 609 2016 ex
638 1963 726 2018 aere
753 1943 889 2052 graeca
916 1963 1039 2018 manu
1068 1933 1221 2046 sculpta
1249 1931 1429 2017 eiusdem
1456 1933 1664 2041 Basilicae,
1692 1941 1805 2021 cuius
1834 1960 2009 2056 ectypou

339 2072 447 2156 Clar.
479 2071 726 2186 Ciampinius
754 2078 960 2189 primum,
988 2073 1136 2160 deinde
1149 2086 1152 2094 '
1167 2073 1516 2158 Eminentissimus
1545 2074 1686 2194 Borgia
1716 2077 1916 2194 vulgavit,
1932 2109 2011 2163 nou

246 2297 262 2322 χ
344 2210 389 2294 S.
423 2211 639 2296 Laurentio
666 2217 927 2319 nominatim,
955 2213 1025 2298 sed
1054 2216 1268 2331 generatim
1297 2213 1496 2326 Episcopo
1530 2218 1702 2325 primam
1731 2214 1874 2301 factam
1903 2247 2012 2302 reve·

358 2349 564 2458 lationem,
591 2374 630 2436 et
657 2351 870 2438 secundam
899 2351 952 2438 de
967 2351 1178 2468 Victoria,
1207 2383 1286 2466 qua
1314 2357 1357 2440 in
1385 2385 1428 2440 re
1456 2375 1612 2439 secutus
1626 2377 1682 2440 est
1701 2357 1878 2470 sculptor
1894 2355 2000 2448 Arto-

353 2515 457 2592 nem‚
470 2511 517 2576 ut
545 2521 663 2606 supra
690 2497 930 2578 monuimus

436 2628 586 2736 ·Quod
613 2636 648 2716 si
675 2633 740 2719 hic
766 2631 922 2746 planius
950 2631 1166 2719 disserendi
1194 2632 1304 2721 locus
1332 2655 1461 2741 esset,
1499 2635 1614 2748 plura
1658 2636 1795 2720 afferre
1837 2635 2004 2739 liceret,

349 2801 451 2884 quae
481 2770 746 2858 demonstrare
775 2793 956 2888 possent,
984 2775 1181 2888 quicquid
1218 2776 1278 2884 de,
1306 2781 1445 2861 itinere
1473 2775 1767 2893 Episcoporum
1803 2799 2013 2880 narratur,

349 2913 529 2998 laciniam
558 2941 640 2998 esse
667 2917 889 3024 primaevae
916 2912 1098 2997 historiae
1124 2913 1353 3018 adiectam,
1378 2933 1418 3000 et
1453 2913 1735 3028 posterioribus
1765 2914 2015 3028 temporibus

350 3059 466 3138 etiam
495 3051 706 3140 dilatatam.
735 3049 898 3164 Ecquid
924 3055 1030 3136 enim
1059 3079 1213 3138 caussae
1241 3052 1403 3160 luisset,
1431 3075 1478 3138 ut
1506 3055 1729 3167 Episcopos
1758 3051 2016 3154 Canusinam,

351 3192 607 3306 Salpensem‚
635 3193 913 3299 Rubesanum,
941 3193 1212 3300 Traneusem‚
1240 3214 1280 3277 et
1307 3191 1588 3298 Venusinum,
1624 3190 1784 3278 dissitos
1810 3224 1833 3278 a
1863 3192 2011 3306 Garga·

353 3365 435 3438 no,
481 3335 533 3420 ad
581 3333 868 3420 dedicationem
897 3397 909 3439 ,
946 3335 1205 3420 vicinioribus
1253 3338 1416 3418 omnino
1454 3332 1723 3444 posthabitis,
1766 3333 1803 3416 S.
1842 3332 2014 3418 Lauren·

351 3476 430 3558 tius
467 3475 700 3558 invitasset?
737 3477 785 3560 In
828 3477 910 3558 vita
938 3479 1100 3560 metrica
1143 3504 1307 3589 quoque
1335 3473 1514 3558 eiusdem
1550 3472 1680 3558 Sancti
1718 3473 1828 3558 nulla
1850 3477 2012 3558 mentio

353 3609 408 3696 Ss.
437 3609 624 3698 Richardi
651 3611 905 3717 AndriensiS,
942 3634 982 3698 et
1009 3612 1168 3730 Rogerii
1188 3612 1408 3702 ,Cannensis
1436 3614 1655 3728 Episcopi,
1682 3620 1754 3730 qui
1783 3616 1942 3696 nomine
1970 3641 2017 3694 ex

358 3759 445 3868 ipso
479 3752 804 3840 Nortmanuicam
831 3773 988 3870 gentem
1018 3783 1111 3866 prae
1138 3781 1179 3838 se
1217 3750 1370 3858 ferunt,
1397 3771 1445 3835 ut
1463 3751 1527 3838 Cl.
1547 3757 1824 3840 Assemnmas
1841 3751 2021 3836 observa·

359 3899 438 4000 vit;
465 3916 505 3980 et
523 3915 654 3980 tamen
669 3893 815 3978 horum
833 3896 952 3978 ctiam
968 3892 1265 4008 Epismporum
1293 3896 1453 3976 nomina
1481 3893 1651 4012 vulgatis
1678 3899 1722 3980 in
1748 3895 1842 3978 actis
1869 3889 2019 3976 adiecta

353 4036 547 4154 leguntur.
561 4032 640 4118 Sed
654 4035 715 4117 his
729 4035 881 4117 omissis
895 4055 1063 4146 quotus,
1082 4035 1252 4146 quisque
1264 4041 1350 4140 erit,
1370 4040 1442 4151 qui
1456 4033 1590 4122 credat
1606 4033 1814 4121 Gelasium
1827 4030 2022 4116 Barulum
2075 4111 2083 4142 ‚

355 4177 408 4262 ad
434 4175 472 4260 S.
500 4175 679 4261 Andreae
707 4173 924 4260 Ecclesiam
952 4172 1214 4260 dedicandam
1241 4173 1424 4258 venisse?
1452 4169 1521 4288 (1)
1544 4149 1680 4286 longe
1708 4201 1872 4288 quoque
1899 4199 1922 4254 a
1951 4197 2014 4254 ve·

452 4589 741 4696 (r)ttppositect.
762 4591 982 4666 tsemannus
999 4591 1056 4694 (de
1080 4591 1193 4668 Rebus
1208 4593 1349 4697 Neapd.
1377 4608 1410 4670 et
1423 4592 1491 4670 Sic.
1513 4591 1559 4668 T.
1581 4581 1617 4666 11
1637 4617 1712 4692 pag.
1727 4587 1836 4690 429.)
1854 4583 2022 4662 adnotata

355 4721 393 4799 S.
410 4719 576 4798 Silvestre
592 4745 652 4820 per
664 4729 772 4794 totum
790 4715 857 4793 XI
868 4719 1037 4794 saeculum
1053 4746 1219 4821 nunquam
1234 4722 1411 4798 Pontifices
1426 4719 1468 4796 ad
1482 4717 1721 4846 consecrandas
1750 4715 1914 4794 Ecclesias
1938 4711 2025 4792 Nea-
