4914 6610
1286 577 1303 692 l
1343 575 1420 677 ¹4⁶
1449 574 1465 685 l

537 737 793 826 examinanda
807 805 817 846 ,
831 760 872 824 et
900 771 950 826 aa
969 735 1021 828 de
1056 769 1219 858 corpore
1247 743 1358 851 furti,
1374 767 1418 830 ut
1446 749 1569 853 aiu'trt,
1599 773 1690 832 tere
1718 768 1886 853 constet,
1915 749 2220 863 inspiciendum.

535 880 651 966 Almo
681 879 847 968 MDXV
877 910 924 968 ex
973 877 1196 994 Apostolica
1244 885 1388 971 Leonis
1438 886 1478 970 X
1525 884 1771 1004 delegatione
1809 890 1847 973 S.
1884 885 2059 978 Conradi
2097 891 2211 976 Neti-

531 1029 575 1110 ni
602 1053 745 1137 corpus
773 1026 1026 1143 recognitum
1068 1020 1144 1112 fuit
1184 1057 1210 1114 a
1241 1025 1387 1114 Iacobo
1415 1028 1603 1116 Humana
1631 1029 1839 1118 Soodrmsi
1868 1031 2072 1144 Episcopo
2108 1031 2213 1120 Sira·

470 1176 475 1188 '
536 1175 670 1256 cusani
699 1172 891 1286 Episcopi
920 1171 1099 1278 Vicari03
1127 1177 1294 1288 eiusque
1322 1174 1603 1287 recognitionis
1630 1167 1730 1256 Acta
1769 1203 1792 1256 a
1821 1169 2091 1260 Bollaodiauis
2119 1173 2215 1254 reci-

535 1321 681 1400 tentur.
712 1311 858 1416 Hanc,
887 1343 989 1428 quae
1017 1313 1068 1400 ad
1098 1345 1183 1400 rem
1212 1289 1326 1422 facit,
1357 1313 1506 1398 damus
1526 1311 1762 1425 particulam
1779 1351 1821 1412 :a
1847 1309 2110 1416 Vltimum
2129 1345 2218 1432 itta-¹

533 1451 649 1532 itibus
678 1454 825 1534 nostris
844 1457 1191 1536 'corurectavimus
1220 1467 1344 1566 capul
1376 1468 1414 1534 et
1441 1452 1650 1537 brachium
1678 1485 1805 1540 urium
1835 1453 2051 1542 maxa!
2080 1488 2108 1538 a
2126 1486 2214 1538 cor-

532 1620 632 1702 pore
659 1610 890 1704 separatum
917 1591 1063 1709 (quod
1090 1594 1253 1710 quidem
1283 1591 1498 1678 trachium
1528 1593 1644 1678 tltecu
1681 1611 1871 1711 argeum
1914 1609 2138 1706 cooperitur
2165 1597 2213 1674 in

535 1737 619 1819 eius
634 1732 836 1816 'horrorem
858 1733 1003 1848 populo
1031 1731 1187 1818 ostendi
1211 1735 1398 1850 religiose
1432 1733 1554 1852 solet)
1582 1735 1781 1851 reliquum
1797 1755 1898 1822 vero
1918 1737 2097 1847 corporis
2114 1762 2210 1816 euru

532 1879 675 1958 ceteris
691 1876 893 1958 'membris
921 1874 984 1960 ad
1006 1878 1190 1960 invicem
1219 1874 1533 1963 adhaerentibus
1561 1889 1600 1958 et
1617 1873 1794 1961 adnexu
1813 1895 1937 1960 carne
1951 1877 2142 1966 vestium
2156 1889 2199 1950 -““-’

530 2013 777 2128 Nortigitur
805 2029 924 2126 caput
948 2014 1084 2114 'abesse
1106 2019 1276 2102 'omuino
1304 2016 1490 2122 dictum,
1530 2039 1576 2102 ut
1613 2018 1743 2126 Pyrro
1790 2017 1969 2128 placuit,
2005 2014 2081 2102 sed
2111 2046 2208 2104 cum

531 2153 736 2266 reliquum
765 2167 909 2266 corpus
936 2155 1127 2242 membris
1158 2157 1210 2243 ad
1239 2165 1411 2266 invicem
1441 2154 1771 2263 adhaerentibus,
1809 2179 1848 2242 et
1875 2155 2043 2243 adnexis
2069 2157 2203 2258 iuvenf

530 2313 622 2379 tum
650 2293 816 2396 fuisset,
845 2325 926 2379 non
955 2300 1009 2380 ita
1040 2319 1171 2384 tamen
1200 2325 1319 2416 caput
1332 2365 1344 2408 ,
1372 2297 1446 2389 sed
1474 2301 1550 2386 hoe
1577 2333 1599 2384 a
1629 2329 1794 2412 corpore
1821 2322 2047 2413 separatum
2086 2323 2125 2384 et
2154 2301 2206 2396 ab

535 2433 736 2546 Episcopo
764 2433 886 2518 oculis
914 2440 1053 2522 vistim
1081 2444 1268 2526 mantem
1295 2462 1588 2530 contrectatum
1609 2439 1843 2527 Mirandum
1858 2471 1953 2528 vero
1972 2466 2031 2528 est
2046 2442 2203 2532 Bollan-

529 2573 668 2676 dianos
695 2573 942 2664 doctissimos
973 2583 1097 2666 socios
1124 2581 1169 2668 id
1196 2612 1277 2668 non
1304 2581 1529 2690 advertisse,
1557 2614 1652 2669 cum
1667 2585 1753 2668 Par.
1770 2584 1807 2684 ri
1826 2611 1935 2668 nutis
1961 2614 2028 2696 29.
2046 2588 2205 2698 scripse·⁴

524 2719 609 2814 ,rint
638 2735 680 2800 Ξ
706 2721 778 2808 Ex
806 2719 998 2834 corffectis
1026 2755 1056 2804 α
1084 2724 1222 2808 lambo
1236 2726 1446 2840 'spiscopo
1475 2724 1709 2809 Scutarensi
1735 2724 1836 2808 actis
1850 2719 2018 2815 relatum
2027 2739 2098 2826 est,
2106 2699 2204 2806 cum

530 2861 566 2938 t's
595 2888 737 2944 arcam
764 2865 818 2952 in,
836 2891 918 2978 quo
943 2861 1192 2948 reconditum
1222 2867 1268 2956 B
1295 2895 1442 2979 eorpus
1469 2879 1556 2950 ertit
1585 2895 1693 2948 anuo
1729 2862 1836 2952 15215
1864 2867 2037 2977 aperuit,
2060 2859 2201 2974 depre-

533 2995 721 3085 hendisse
748 3005 800 3086 ab
828 3034 874 3089 eo
902 3025 1020 3121 caput
1047 3023 1085 3089 et
1113 3007 1321 3092 tractatam
1350 3005 1500 3092 abesse.
1525 3008 1614 3092 Hoc
1629 3035 1770 3121 nempe
1797 3010 1972 3092 seorsim
1990 3027 2201 3125 argenteae

538 3145 683 3236 thecae,
694 3147 892 3244 inclusum
910 3157 1029 3237 muca
1045 3167 1141 3230 emt.
1166 3153 1298 3264 Caput
1312 3175 1415 3236 veto
1423 3142 1644 3258 Molfoctue
1662 3152 1706 3232 in
1723 3149 1870 3263 Apulis
1886 3149 2205 3235 sewarial‘ct'tur

530 3293 694 3379 termae
722 3313 935 3412 argenteae
963 3298 1279 3409 imperterrita
1295 3299 1440 3381 Pt'rrais
1458 3307 1502 3374 ε
1515 3290 1735 3374 somniavit
1755 3288 1819 3373 hic
1848 3287 2036 3404 quidem,
2054 3297 2153 3406 quin
2165 3318 2206 3380 et

531 3437 698 3544 turpiter
726 3441 878 3520 elausit.
907 3437 1139 3549 Separatum
1168 3441 1275 3524 euim
1303 3467 1326 3518 a
1354 3460 1521 3546 corpore
1548 3455 1668 3546 caput
1696 3449 1804 3538 erat,
1832 3461 1913 3516 non
1941 3463 2039 3518 vcro
2076 3439 2204 3518 omni·

530 3607 584 3666 uo
612 3577 760 3662 aberat.
789 3577 900 3685 Quae
928 3607 1030 3663 cum·
1052 3583 1104 3662 ite
1134 3584 1222 3683 sint,
1239 3607 1575 3691 supervacaneum
1605 3579 1794 3690 putamus
1827 3576 1891 3661 hic
1920 3574 2066 3660 referre
2084 3583 2202 3693 scrip·

534 3742 625 3806 tum
654 3748 757 3804 anno
785 3719 1055 3804 MDCLXIX.
1084 3718 1313 3801 Iuratoru‘m
1342 3717 1509 3800 Notinae
1538 3715 1721 3801 Civitatis
1749 3716 2062 3824 Testimonium,
2091 3727 2202 3840 quod

532 3863 642 3977 apud
671 3862 922 3948 Damianum·
952 3860 1124 3979 legitur,
1172 3861 1386 3982 integratur
1411 3860 1449 3942 S.
1477 3857 1652 3947 Conradi
1696 3889 1841 3976 corpus
1868 3859 1965 3952 Neti
2007 3865 2203 3959 atlservari

529 4007 841 4098 adfirmantium.
904 4043 906 4050 ’
1133 4011 1137 4018 ’
1266 4039 1268 4047 ’
1464 4029 1467 4036 ’

543 4197 546 4204 ·
645 4150 738 4238 Non
766 4157 820 4238 ita
849 4176 982 4240 tamen
1011 4159 1179 4267 patriae,
1209 4177 1248 4240 et
1286 4163 1501 4242 maiorum¹
1525 4171 1759 4238 rostrorum
1796 4179 1931 4236 amore
1957 4148 2208 4258 abducimur,

529 4313 577 4374 ut
605 4321 683 4379 uon
714 4298 868 4380 veritati
896 4300 1009 4384 litare
1037 4303 1201 4382 omnino
1231 4302 1414 4382 nitamur.
1444 4297 1535 4381 Hoc
1563 4299 1684 4412 igitur
1712 4293 2009 4408 praestabimus,
2027 4317 2075 4377 ut
2094 4291 2203 4378 unde

538 4433 635 4518 furti
663 4433 797 4519 fabula
825 4435 984 4522 fortasse
1000 4441 1177 4542 insuat-it,
1206 4435 1373 4522 candide
1400 4441 1632 4553 aperiamus
1661 4437 1794 4522 Liceat
1820 4438 1942 4554 igitur
1961 4437 2025 4522 hic
2042 4436 2201 4537 referre,

534 4599 636 4688 quae
664 4578 706 4658 in
734 4576 842 4660 Actis
870 4577 1113 4694 Visitationis
1143 4577 1439 4690 lllclplrictensis
1460 4563 1665 4664 'ltcetesiae
1693 4607 1797 4662 anno
1825 4573 1992 4663 MDCII
2020 4577 2071 4662 ab
2108 4573 2199 4659 illu-

529 4719 620 4801 stris
667 4720 891 4802 memoriae*
916 4717 1117 4833 Episcopo
1155 4718 1300 4806 Ioanne
1334 4714 1508 4803 Antonio
1545 4711 1673 4804 Bovio
1710 4737 1886 4838 peractae
1924 4713 2114 4836 leguntur
2142 4733 2184 4798 τι·

535 4897 553 4940 s
587 4856 700 4947 Circa
730 4861 917 4975 reliquias
954 4857 1041 4974 (in
1077 4857 1252 4946 Ecclesia
1290 4856 1437 4943 scilicet
1476 4856 1689 4945 cathedrali
1723 4880 1891 4950 servatas
1935 4881 1974 4942 et
2004 4859 2205 4978 Episcopo

534 5033 551 5078 a
584 4998 811 5117 exhibitos)
848 5002 1103 5118 interrogavit
1122 5047 1125 5054 ¹
1146 4999 1248 5087 dicti
1280 4996 1488 5111 Capituli,
1527 5021 1567 5084 et
1594 4997 1733 5110 Cleri,
1771 4997 1956 5096 ,videlicet
1985 4999 2201 5086 llevendis·
2250 4997 2254 5004 ’

2322 5249 2425 5613 l

2345 6183 2423 6482 ..l

2420 6497 2422 6589 l
