4884 6692
1274 520 1292 638 (
1321 517 1421 636 4⁰)

482 701 624 788 ,dives
651 715 751 786 esset
773 724 933 812 pauper
954 723 1031 807 pro
1065 691 1177 776 nobes
1190 686 1295 806 steri
1329 683 1545 801 dignatus·
1567 681 1635 770 isi.
1659 677 1800 795 finita
1837 685 2015 772 emtione
2057 691 2202 808 incepit

497 860 646 930 cernor.
673 836 926 926 Mandanen
952 859 1106 920 novum
1135 825 1196 912 do.
1226 825 1333 912 Ant.¹
1362 825 1564 912 Dominus
1592 825 1695 910 iesus
1714 829 1817 910 cum
1833 853 1946 912 oeno:
1964 827 2071 914 Psal.
2085 828 2198 919 Beati

494 975 738 1064 immaculati
748 976 855 1063 Ain·
884 994 1097 1090 postquam
1110 971 1281 1054 surrexit
1297 969 1361 1055 Ps.
1380 967 1492 1054 Deus
1520 969 1765 1052 mtseream.
1780 965 1888 1054 Am·
1917 969 1953 1052 si
1981 997 2057 1086 ego
2066 967 2196 1060 domi.

496 1145 574 1202 nus
604 1117 709 1208 Psat
736 1117 871 1203 Dilexi
898 1115 1092 1230 quoniam
1122 1107 1227 1198 Psal
1257 1106 1424 1196 Credidi
1454 1127 1622 1223 propter.
1647 1106 1755 1194 Ate·
1800 1105 1850 1192 ln
1866 1106 1944 1194 hoc
1962 1107 2195 1228 cognoscent

420 1283 426 1294 '
501 1262 567 1347 Ps.
617 1287 785 1376 magnus
831 1254 1020 1341 dominus
1067 1271 1107 1334 et
1154 1269 1225 1334 cet
1264 1279 1357 1336 cum
1392 1259 1475 1340 suis
1517 1250 1690 1362 psalmis
1733 1266 1772 1336 et
1821 1246 1929 1336 dnm
1975 1249 2063 1338 illos
2100 1282 2194 1338 can·

500 1400 624 1487 tando
638 1399 795 1516 finiunt
818 1399 1063 1513 pauperibus
1091 1388 1240 1475 ibidem
1267 1395 1388 1477 iuxta
1415 1419 1631 1514 nanterum
1642 1385 1843 1500 fratrum
1870 1389 1943 1476 vel
1956 1393 2188 1508 eoamplitts

497 1569 542 1627 tte
563 1537 791 1654 predictum
808 1553 867 1620 est
894 1535 945 1618 ab
975 1534 1249 1620 elemosinario
1279 1530 1381 1614 sicut
1406 1560 1494 1616 mos
1533 1547 1591 1616 est
1632 1533 1887 1645 congregetis
1924 1531 2086 1618 illorum
2118 1567 2188 1651 pe.

496 1681 569 1768 des
597 1683 783 1763 camitici
808 1675 970 1758 abnuat
998 1691 1037 1757 et
1064 1670 1223 1786 capillis
1251 1699 1318 1755 eos
1345 1690 1504 1788 tergunt
1532 1671 1571 1756 el
1588 1669 1827 1756 osculantur
1847 1673 2072 1762 osculantes
2092 1707 2183 1794 qno-

392 1791 397 1798 ”
492 1853 595 1916 ‚rum
622 1817 872 1934 singultebus
887 1834 924 1900 et
941 1815 1133 1901 sotulares
1161 1811 1224 1930 (1)
1253 1810 1643 1902 distribuentem
1672 1816 1859 1900 omnibus
1887 1817 2059 1932 explent
2072 1827 2186 1935 prior

503 1962 642 2073 incipit
669 1956 769 2040 kirie
797 1957 954 2040 eleison
984 1976 1094 2068 pater
1122 1973 1263 2054 noster.
1291 1973 1331 2036 et
1359 1951 1410 2043 ne
1436 1984 1519 2042 nos.
1548 1949 1729 2038 Ostende
1773 1953 1897 2040 nobis
1931 1957 2186 2072 Suscepimus

504 2102 604 2188 deus
632 2099 951 2201 misericordiam.
980 2117 1026 2180 tu
1054 2093 1250 2182 mandasti
1277 2094 1463 2182 mandata
1492 2115 1570 2179 tua.
1599 2115 1650 2177 tu
1677 2091 1826 2180 lavasti
1869 2093 1993 2208 pedes
2021 2095 2194 2212 discipu·

504 2239 649 2324 lorum.
677 2239 854 2362 Domine
891 2237 1036 2326 exaudi
1073 2245 1293 2328 orationem
1331 2269 1474 2326 meam.
1502 2237 1707 2322 Dominus
1760 2233 1975 2322 vobiscum.
1994 2236 2191 2332 'Oremus

508 2379 657 2467 Adesto
686 2378 849 2466 domine
877 2409 972 2466 cum
999 2403 1080 2468 oec-
1102 2383 1279 2470 Delu‘nc.
1293 2386 1344 2468 ab
1375 2379 1705 2470 Helemosinario
1745 2388 1791 2470 in
1817 2381 2023 2499 refectorio
2066 2382 2199 2474 detti-¹
2301 2403 2307 2408 “
2411 2459 2413 2492 1

507 2537 657 2617 cunno.
684 2520 814 2636 ibiqm
841 2525 943 2606 sicut
953 2509 1120 2631 fratres
1164 2525 1363 2610 Canoneii
1397 2520 1576 2610 eiitsdem
1614 2522 1790 2610 ecclesie
1827 2523 2071 2642 reficiuntur.
2101 2530 2187 2654 ῌοο
2217 2511 2222 2518 ’

507 2682 643 2751 amem
669 2660 910 2750 mandatwn
931 2695 1160 2781 pauperum
1187 2670 1404 2782 aretiqw'tzts
1415 2663 1570 2780 facere
1599 2663 1784 2754 solebant
1808 2687 1900 2782 post
1917 2673 2192 2758 reversionem

512 2794 565 2896 de
585 2813 835 2928 processione
862 2814 1007 2894 rwntis
1034 2839 1140 2924 syon
1167 2827 1206 2896 et
1227 2828 1368 2924 postea
1395 2811 1678 2927 reficiebantur
1706 2809 1977 2929 quod'autem
1995 2807 2193 2925 modose-

506 2957 626 3056 ctimt
653 2969 747 3037 arete
769 2935 1073 3064 processionem.
1102 2953 1154 3040 In
1180 2950 1259 3036 lac
1287 2950 1353 3040 die
1374 2951 1561 3070 pulsatur
1588 2953 1831 3069 cymbalum
1858 2957 1904 3037 in
1927 2949 2188 3065 refectorritm.

485 3076 662 3232 ¹secures
690 3111 734 3177 ut
761 3095 1008 3177 conveniant
1035 3089 1096 3178 ad
1113 3092 1337 3211 pmndtitm
1364 3115 1403 3182 et
1424 3097 1589 3213 pulsata
1625 3093 1886 3210 campanula.
1916 3097 2011 3183 Post
2056 3125 2187 3181 merse

510 3233 816 3322 benedictionem
843 3236 998 3354 cybum
1024 3273 1054 3325 a
1081 3237 1154 3325 deo
1183 3238 1373 3324 donam
1401 3238 1612 3352 accipient.
1647 3239 1759 3322 Cum
1789 3240 1916 3350 igitur
1941 3237 2042 3324 liora
2069 3239 2193 3326 cotta·

510 3383 626 3462 teonis
654 3376 718 3492 (2)
745 3385 1129 3498 appropinquaverit
1156 3387 1306 3466 omnes'
1332 3386 1376 3466 in
1405 3380 1570 3466 ecclesia
1601 3384 1856 3470 ,conveniant
1897 3379 2027 3494 r'beipue
2054 3411 2193 3470 sacer·

1993 3612 2188 3640 m-

514 3779 518 3795 ¹
608 3749 666 3850 (t)
692 3747 884 3826 Soturales
908 3752 976 3828 sive
1001 3755 1183 3830 mulieres
1219 3754 1317 3829 calcei
1342 3767 1418 3828 sunt
1442 3783 1462 3828 a
1488 3757 1610 3830 Latino
1639 3773 1739 3833 sutor
1775 3760 1821 3831 sic
1863 3755 1958 3829 dicti.
1988 3753 2074 3828 Bas
2109 3783 2188 3834 vero

509 3875 650 3977 intellige
679 3875 845 3954 Tibiolia
881 3877 958 3953 Itel.
988 3882 1090 3956 calce
1115 3881 1244 3955 Gallice
1268 3881 1364 3959 Bas.
1392 3884 1435 3959 In
1459 3885 1573 3962 charta
1598 3913 1653 3961 an.
1687 3913 1798 3990 ¹²72·
1827 3884 1914 3986 apud
1953 3885 2115 3987 Congium
2141 3883 2189 3960 le-

513 4013 602 4110 gitur
626 4007 749 4087 Baas.
782 4009 869 4088 Vide
893 4009 956 4084 hnc
979 4037 1075 4086 voce.

591 4140 669 4241 (¹2)
699 4139 944 4220 collatronem
968 4167 1036 4218 non
1061 4145 1228 4220 immerito
1252 4147 1326 4248 quis
1352 4146 1473 4220 diceret
1498 4147 1551 4239 ei,
1578 4171 1663 4246 quae
1697 4169 1786 4218 nunc
1817 4145 2053 4222 Ricreazione
2078 4138 2190 4215 italice

513 4269 661 4368 dicitur,
689 4271 859 4349 recreandi
883 4273 1005 4347 scilicet
1029 4277 1181 4348 animum
1205 4290 1280 4374 post
1303 4277 1492 4374 prandium,
1519 4275 1588 4346 sive
1613 4299 1752 4348 coenam
1778 4274 2028 4377 quodammodo
2045 4272 2189 4349 similem

511 4401 620 4472 fuisse.
649 4397 691 4474 ln
716 4400 768 4474 his
793 4424 894 4500 porro
919 4399 1172 4496 collationibus,
1198 4415 1237 4475 ut
1265 4413 1399 4500 panum
1435 4413 1629 4474 nosnorum
1659 4399 1835 4502 teligionis'
1859 4383 1976 4478 ferror
2012 4416 2112 4494 eret,
2146 4403 2189 4477 de

512 4553 604 4602 sacra
631 4525 795 4626 Scriptum
820 4529 962 4631 aliquid,
989 4529 1132 4605 levitis
1157 4527 1366 4620 Sanctorum,
1393 4551 1449 4604 seu
1478 4526 1520 4606 de
1546 4525 1699 4604 moribus
1724 4527 1928 4607 afferebnur
1951 4532 1988 4606 in
2011 4527 2187 4622 medinm
2221 4553 2227 4564 ·

513 4655 600 4732 unde
624 4683 728 4758 quam
753 4653 988 4774 celeberrimae
1014 4656 1161 4732 Cassiani
1186 4655 1398 4735 Collationes.
