4914 6610
1062 551 1088 669 ι(
1123 549 1199 656 155
1228 552 1245 666 l

317 735 363 812 r‘n
394 695 579 814 Ecclesia
612 725 653 810 S.
687 719 933 825 M'eleaeh'a,
962 726 1170 838 quaesita
1195 737 1256 802 est
1284 724 1328 804 lu
1358 722 1500 806 Monte
1528 719 1729 838 Gargano,
1749 729 1906 842 triginta
1926 728 1994 814 de

322 867 426 953 disse
446 895 602 952 aureos
631 859 1024 974 Acceduntquoque
1052 859 1088 944 S.
1097 857 1257 942 Barbati
1271 857 1536 955 Beneventani
1565 861 1765 975 Episcopi,
1794 870 1866 978 qui
1884 871 1998 979 septi.
2104 923 2107 932 .

323 1039 393 1092 mo
421 1005 559 1092 floruit
586 1001 753 1107 saeculo,
768 999 879 1104 Acta,
907 1029 1010 1114 quae
1028 1019 1161 1113 aperte
1198 995 1251 1086 de
1279 998 1452 1086 Ecclesia
1467 1001 1512 1083 s,
1525 1002 1727 1090 Michaelis
1742 1008 1784 1090 in
1803 1005 1999 1122 Gargano

323 1166 527 1234 testantur.
556 1144 747 1228 Fatemur
774 1138 965 1256 equidem
994 1163 1034 1226 et
1062 1138 1247 1243 libenter,
1266 1140 1308 1222 in
1336 1138 1495 1239 historia
1520 1148 1605 1228 eius
1633 1143 1832 1230 Ecclesiae
1860 1145 2000 1229 confu-

321 1319 420 1375 sam·
445 1291 617 1402 primam
656 1284 958 1398 Apparr'tionem
988 1281 1301 1397 Srlrclrangelc'
1335 1309 1374 1370 et
1411 1291 1496 1372 eius
1530 1287 1757 1374 Victoriam
1775 1348 1795 1390 „
1820 1285 2000 1393 scilicet,

322 1451 370 1513 ut
398 1431 733 1542 interpretamur,
761 1427 935 1539 primam
963 1423 1285 1538 Apparitionem,
1322 1436 1361 1508 et
1399 1427 1704 1542 subsequentem
1741 1446 1832 1539 post
1874 1424 1993 1540 adep-

325 1593 409 1654 tam
437 1570 474 1652 S⁴
502 1566 739 1682 Archangeli
766 1567 983 1679 patrocinio
1011 1596 1034 1652 a
1062 1567 1278 1679 Sipontirris
1293 1563 1345 1649 de
1363 1564 1542 1652 hostibus
1571 1568 1800 1674 Victoriam,
1815 1571 1899 1654 eius
1920 1571 1997 1664 Ec·

326 1711 463 1796 clesiae
491 1705 811 1812 Dedicationem‚
839 1711 939 1825 quin
967 1731 1007 1794 et
1034 1706 1173 1793 adsuta
1203 1706 1317 1819 plura
1332 1705 1537 1812 etaddita,
1553 1739 1633 1794 non
1652 1739 1697 1794 ea
1716 1732 1868 1814 tamen,
1892 1743 1999 1824 quae

326 1853 503 1937 omnino.
519 1849 644 1938 fidem
672 1851 854 1935 historiae
881 1871 1074 1940 evertunt
1106 1851 1234 1937 Nobis
1263 1875 1357 1934 vero
1393 1850 1485 1936 illae
1518 1849 1672 1962 placent
1687 1850 1870 1968 regulae,
1899 1881 2003 1966 quae

327 2025 350 2080 a
379 1991 499 2079 docto
526 1995 614 2074 viro
645 1992 686 2074 P.
715 1992 878 2114 Lazaro
907 1989 990 2076 Soc
1019 1987 1120 2075 Iesu*
1140 1990 1203 2108 (1)
1222 1991 1489 2111 adsignantur,
1509 1997 1610 2077 inter
1629 2023 1727 2106 quas
1763 1996 1890 2105 prima
1911 1995 2003 2082 haec

189 2135 194 2144 ’
327 2155 412 2238 est,
441 2153 537 2218 ute
566 2135 834 2220 monumentis
863 2161 965 2246 quae
994 2133 1131 2216 vitiosa
1161 2153 1374 2244 apparent,
1398 2155 1443 2218 'et
1469 2141 1514 2216 'ea
1543 2162 1645 2248 quac
1671 2131 1725 2216 ad
1745 2138 1801 2217 rei
1820 2135 1998 2222 subsun-

327 2283 427 2362 tiam
454 2303 536 2360 non
562 2293 756 2386 spectant,
788 2271 859 2360 sed
888 2301 974 2360 rem
1003 2271 1129 2357 veluti
1156 2276 1398 2359 convestiant
1426 2295 1496 2358 etc
1536 2277 1700 2358 omnino
1729 2273 1999 2362 detrahantur.

330 2413 451 2505 [uid
478 2404 613 2529 itaque
640 2412 961 2500 incumbendum
989 2410 1182 2517 videtur,
1209 2436 1258 2497 ut
1284 2417 1454 2532 genuina
1489 2418 1690 2528 primum
1713 2415 1869 2531 aliquot
1896 2417 2005 2504 loco-

330 2585 424 2644 rum
452 2554 635 2644 historiae
662 2553 929 2671 Apparitionis
959 2554 1074 2640 lectio
1102 2573 1329 2680 statuaturq
1345 2580 1436 2642 tum
1473 2577 1513 2640 et
1550 2577 1597 2640 ut
1625 2586 1719 2641 vera
1746 2578 1786 2640 et
1824 2559 2001 2675 legitima

204 2690 210 2708 ⁸
328 2698 526 2817 asponis
554 2717 824 2806 seeemantur,
837 2692 1007 2784 demum
1036 2717 1083 2780 ut
1111 2693 1281 2782 adiectae
1310 2697 1469 2784 laciniae
1497 2709 1659 2810 prorsus
1690 2697 1938 2782 obiiciantur.

422 2905 423 2911 a
445 2837 505 2926 Ut
534 2865 630 2924 vero
658 2857 810 2923 nostrae
837 2840 1059 2924 tractationi
1087 2840 1342 2952 perspicuitas
1370 2836 1502 2951 aliqua
1521 2867 1569 2922 ex
1588 2833 1728 2922 ordine
1745 2836 1886 2922 saltem
1904 2867 1996 2925 con·

331 2981 517 3086 eilietur,
534 2982 714 3096 primum
730 2977 951 3096 scrupulos
978 2977 1132 3094 aliquos
1160 2980 1203 3063 in
1230 2989 1335 3093 quos'
1360 2972 1609 3064 doctissimus
1637 2975 1901 3063 Assemannus
1925 2981 2001 3062 im*-

334 3127 444 3242 pegit
470 3119 533 3238 (a)
548 3119 614 3206 dc
650 3117 787 3208 medio
806 3153 808 3160 ⁴
829 3117 966 3204 tollere
1002 3116 1244 3206 studeamus.
1274 3119 1310 3204 li
1353 3141 1475 3226 sunt,
1511 3117 1624 3236 quod
1660 3122 1704 3204 in
1743 3117 1917 3236 vulgatis
1944 3117 1999 3203 A·

328 3266 403 3349 ctis
431 3262 728 3376 Apparitionis,
756 3280 796 3344 et
834 3261 880 3344 in
919 3256 1060 3344 Adone
1097 3260 1216 3344 etiarn
1249 3264 1337 3376 ip‘so
1370 3261 1523 3378 legatur
1557 3258 1763 3371 Sipontum
1795 3264 1842 3342 iu
1882 3255 2005 3346 Cana

328 3406 481 3517 pertiae
496 3400 657 3517 finibus
685 3403 809 3485 situm
836 3399 978 3505 fuisse,
1006 3429 1114 3485 curnv
1128 3404 1219 3486 satis
1243 3421 1377 3514 pateat
1405 3407 1446 3490 in
1474 3400 1622 3517 Apulia
1649 3421 1689 3486 et
1716 3429 1818 3506 esse,
1836 3421 1878 3512 et
1906 3401 2003 3486 suis·-

337 3573 412 3652 se,
440 3565 489 3628 at·
502 3539 623 3656 vquod
651 3537 806 3628 (linatur
840 3537 1058 3654 Garganus
1086 3547 1249 3626 monsa
1284 3542 1472 3660 Gargano
1500 3543 1603 3647 illo,
1631 3547 1767 3626 contra
1786 3571 1910 3658 quem
1938 3570 1999 3626 re·

345 3709 448 3771 torta
477 3687 635 3800 sagitta,
652 3711 807 3772 ⁴nonren
836 3685 1033 3786 sumsisse,
1071 3711 1166 3768 cum
1195 3685 1300 3766 satis·
1315 3683 1550 3772 notumvel
1578 3688 1711 3802 pueris
1738 3685 1801 3787 sit,
1830 3702 2009 3768 montem

239 3939 244 3946 ¹
338 3827 457 3918 illum
488 3824 680 3938 Gargani
705 3827 879 3918 nomine,
894 3820 1321 3940 iamdiuuappellatum
1350 3823 1517 3914 Horatio
1547 3847 1587 3910 et
1619 3825 1807 3925 Lucano,
1836 3825 1936 3938 quin
1963 3839 2006 3908 et

340 3964 544 4082 Virgilio,
577 3963 734 4070 Plinio,
761 3963 960 4052 Strabone
988 3962 1069 4054 Sed
1095 3967 1138 4048 in
1165 3960 1340 4050 Historia
1367 3963 1662 4079 ¹Apparitionis,
1697 3992 1800 4079 quae
1836 3960 2007 4076 Neapoli

343 4111 523 4231 priinurn
553 4133 716 4208 excusa,
733 4126 775 4189 et
802 4102 854 4188 ah
882 4103 1071 4222 Ughellio
1099 4097 1414 4210 deinde'relata,
1443 4135 1524 4191 non
1555 4109 1601 4188 in
1634 4104 1887 4216 Campamire
1914 4095 2006 4187 fini-

343 4251 439 4349 bus,
467 4243 537 4339 sed
567 4252 607 4332 in
638 4245 810 4362 Apenas
834 4245 1000 4364 legitur,
1029 4267 1076 4329 ut
1104 4247 1224 4329 etiam
1260 4267 1300 4330 et
1336 4250 1377 4334 iu
1405 4245 1606 4336 Breviario
1633 4243 1816 4359 Lycieusi
1836 4249 2007 4329 ·'nostro.

345 4387 473 4496 Quod
502 4392 605 4473 siin
641 4392 893 4502 Campaniae
912 4383 1068 4474 ¹linibus
1096 4381 1316 4504 legendum
1344 4407 1456 4494 esset,
1493 4385 1655 4474 fortasse
1681 4413 1754 4472 nec
1783 4385 1925 4471 erroris
1952 4395 2003 4471 ex

355 4553 1815 4708 mm

451 4725 511 4854 (2)
537 4731 588 4809 De
611 4729 702 4822 Reli·
729 4729 835 4842 Neep.
864 4744 898 4806 et
923 4721 1018 4818 Sim

1519 4833 1539 4881 t

1828 4553 2001 4590 μ
2127 4603 2129 4606 Ι
