4870 6630
2 5039 90 5308 f

20 5413 58 5457 R

54 5480 100 5510 q

1002 569 1021 690 (
1048 601 1105 691 99
1133 577 1152 697 )

226 753 366 843 tuum,
381 740 454 854 qui
482 753 523 822 te
550 736 697 822 creavit
726 753 769 817 ε
794 767 831 826 ι.
860 763 903 827 :a
927 741 1051 833 adoro
1078 767 1121 831 :a
1145 750 1261 842 dictis
1289 757 1417 848 tribus
1447 767 1600 856 vicibus
1636 781 1814 870 sacerdos
1843 783 1903 876 di·

227 901 288 966 cat
317 900 360 962 :t
390 902 430 966 et
457 880 518 966 illi
545 880 620 968 soli
648 884 794 968 servies
822 903 866 970 τι·
890 917 926 976 a.
955 905 998 969 ε
1022 890 1153 985 Amen
1180 919 1222 982 :t
1246 899 1361 994 Tunc
1388 929 1524 1000 autem
1561 917 1740 1028 patrinus
1769 942 1808 1007 et
1836 957 1902 1041 pa.

218 1027 321 1110 trina
351 1021 460 1108 illius
487 1044 610 1139 ponat
637 1016 733 1111 eum'
761 1054 881 1140 super
908 1035 1186 1145 pavimentum
1216 1067 1255 1133 et
1275 1046 1380 1138 dicat
1398 1083 1517 1170 super
1537 1089 1634 1148 eum
1652 1062 1843 1156 Sacerdos
1861 1093 1904 1158 t:

227 1171 348 1256 ercr
374 1183 508 1251 noster
533 1185 605 1252 etc
638 1165 771 1254 Credo
798 1173 843 1254 in
872 1172 1008 1262 Deum
1037 1199 1108 1266 etc
1138 1182 1216 1299 (in
1244 1199 1421 1311 margine
1459 1197 1692 1288 additur:
1716 1239 1904 1330 aspergo·

220 1333 288 1397 tor
304 1309 321 1426 )
339 1334 382 1398 a
405 1306 564 1419 Quibus
592 1305 717 1398 finitis
744 1310 872 1402 elevat
899 1317 952 1404 dc
984 1342 1113 1430 terra,
1143 1349 1183 1412 et
1210 1331 1397 1422 Sacerdos
1426 1333 1588 1430 cathizat
1626 1377 1722 1436 cum
1751 1349 1910 1442 faciens

225 1483 391 1571 crucem
418 1459 460 1540 iu
488 1453 618 1542 fronte
644 1459 729 1542 eius
760 1487 856 1546 cum
885 1463 1029 1578 pollice
1057 1465 1192 1557 dicens
1212 1495 1253 1556 Ξ
1279 1474 1328 1562 In
1356 1487 1517 1570 nomine
1545 1488 1721 1600 palaris,
1745 1515 1785 1580 et
1818 1497 1853 1582 F
1855 1499 1898 1588 ir

223 1597 267 1681 lii
295 1617 336 1682 ct
364 1595 532 1709 Spiritus
558 1615 588 1704 †
616 1597 755 1684 Sancti
783 1600 924 1689 Amen.
953 1629 997 1692 Ξ
1031 1609 1166 1698 Postea
1197 1621 1321 1730 posita
1350 1649 1473 1708 manu
1502 1654 1622 1742 super
1650 1631 1782 1747 capud
1811 1639 1896 1722 eius

223 1739 331 1827 dieat
358 1741 457 1828 hauc
484 1745 725 1848 orationem,
753 1775 834 1859 que
863 1751 1043 1862 sequitur
1072 1753 1319 1844 immediate.

338 1883 432 1970 Non
468 1905 508 1973 te
535 1886 652 1971 lateat
679 1905 827 1975 satanas
856 1893 1065 1977 imminere
1094 1895 1169 1980 tibi
1206 1929 1324 2011 penas
1363 1907 1570 1998 imminere
1614 1915 1687 2002 tibi
1726 1909 1913 2006 tormen·⁸

226 2053 265 2116 ta
299 2031 507 2116 imminere
537 2031 609 2115 tibi
638 2026 774 2115 iudicii
795 2036 1025 2145 sempiterni
1048 2035 1168 2124 diem.
1182 2046 1256 2154 qui
1284 2065 1475 2134 venturus
1504 2074 1566 2140 est
1585 2057 1708 2146 velud
1727 2063 1904 2152 clibanus

218 2171 361 2258 ardens
391 2199 475 2286 quo
503 2171 578 2256 tibi
606 2193 644 2256 et
671 2175 865 2258 universis
893 2174 1040 2292 angelis
1072 2183 1152 2264 tuis
1181 2202 1338 2271 eternus
1369 2185 1500 2279 veniat
1540 2200 1731 2288 interitus.
1759 2205 1898 2292 Proin·

228 2315 280 2404 de
307 2314 502 2429 dapnate,
530 2333 649 2428 atque
677 2314 919 2431 deprende,
949 2317 1000 2404 da
1029 2318 1223 2409 honorem
1252 2324 1330 2412 deo
1359 2333 1454 2417 vivo
1482 2359 1523 2420 et
1551 2365 1647 2424 vero
1690 2339 1742 2426 da
1780 2344 1902 2431 hono·
1961 2355 1966 2368 '

223 2501 309 2560 rem
337 2461 408 2554 ΠΝ
440 2466 526 2583 {W
567 2461 653 2549 filio
680 2466 765 2546 eius
804 2481 843 2544 et
871 2460 1003 2576 Spirit
1033 2459 1122 2549 San.
1149 2466 1192 2551 in
1219 2471 1332 2556 cuius
1351 2477 1511 2560 nomine
1530 2478 1604 2565 tibi
1624 2483 1790 2598 impono
1810 2487 1907 2601 qui·-

223 2641 402 2725 cumque
430 2639 471 2695 es
498 2610 659 2722 spiritus
686 2603 922 2691 immundos
950 2585 998 2688 ut
1026 2635 1140 2692 exeas
1168 2630 1210 2694 et
1237 2609 1403 2702 decedas
1440 2617 1492 2705 ab
1527 2620 1604 2710 hoc
1639 2624 1794 2712 famulo
1835 2625 1901 2740 dei

219 2784 344 2874 quem
375 2752 495 2841 bodie
522 2748 709 2840 dominus
727 2774 858 2842 noster
873 2743 1075 2864 I.¹¹¹¹⁸Xp.⁰⁸
1100 2749 1154 2837 ad
1173 2783 1288 2840 suam
1304 2781 1479 2848 sanctam
1492 2769 1658 2882 gratiam
1676 2787 1717 2854 et
1733 2767 1894 2858 benedi·

229 2902 399 2986 ctionem
426 2892 658 3013 fontemque
684 2896 931 3011 baptismatis
959 2893 1069 2980 dono
1096 2922 1237 2982 vocare
1264 2896 1450 3018 dignatus
1479 2925 1537 2989 est
1557 2928 1602 2990 ut
1616 2901 1686 2992 fiat
1700 2912 1784 2996 eius
1803 2933 1902 3000 tem.

141 3023 148 3034 ’
223 3038 341 3155 plum
368 3071 440 3158 per
467 3069 613 3154 aquam
640 3042 945 3157 regenerationis
973 3042 1017 3126 in
1051 3039 1325 3127 remissionem
1353 3047 1537 3133 omnium
1567 3072 1818 3163 peccatorum
1857 3059 1900 3142 in

218 3187 378 3269 nomine
406 3187 528 3298 ipsius
573 3182 730 3272 domini
757 3191 881 3272 nostri
917 3179 1000 3268 Y.¹¹¹·
1028 3174 1120 3304 Xpi
1166 3188 1239 3302 qai
1271 3206 1475 3274 uentums
1517 3211 1576 3276 est
1613 3186 1668 3308 (*)
1703 3196 1817 3280 vivos
1854 3217 1894 3282 et

220 3345 401 3414 mortuos
429 3348 469 3413 ct
494 3326 674 3414 sedulum
702 3358 774 3441 per
802 3330 947 3446 ignem.
976 3329 1109 3417 Amen
1136 3351 1181 3416 :a
1214 3331 1279 3419 Sic
1306 3330 1496 3420 Sacerdos
1535 3336 1698 3450 accipiat
1726 3336 1778 3426 de
1806 3371 1900 3458 spu·

219 3489 263 3551 to
310 3493 385 3550 suo
420 3487 461 3552 et
497 3449 619 3582 ponat
660 3473 703 3554 in
748 3469 942 3556 auriculis
983 3493 1024 3559 et
1070 3471 1233 3561 naribus
1280 3473 1441 3561 infantis
1482 3479 1723 3596 interrogato
1769 3494 1897 3577 nomi·

221 3639 272 3693 ne
300 3631 341 3692 et
368 3607 521 3695 dicit:
544 3609 696 3694 Effecta
724 3607 854 3726 (sic)
881 3611 995 3727 quod
1023 3636 1082 3701 est
1110 3620 1262 3730 aperire
1289 3649 1403 3706 aures
1440 3638 1481 3703 et
1508 3648 1620 3706 nares
1656 3624 1699 3708 in
1735 3623 1903 3714 odorem

226 3753 441 3834 suavitatis
456 3770 502 3833 tu
529 3771 663 3834 autem
691 3753 864 3871 effugare
891 3754 1050 3844 diabole
1077 3767 1411 3884 appropinquabit
1439 3763 1547 3857 enim
1568 3798 1736 3890 regnum
1763 3769 1840 3856 Dei
1857 3789 1899 3852 ι·

221 3887 339 3976 Tunc
362 3911 550 3978 vocatum
577 3924 722 3980 nomen
749 3895 847 3982 dicit
873 3899 1211 3994 :abrenuncias
1238 3909 1435 3998 Saarna:
1460 3959 1497 4018 ῃ.
1520 3932 1564 3996 :t
1588 3914 1899 4004 abrenuncio:

221 4031 378 4120 lterum
404 4068 448 4132 ε.
471 4057 511 4122 et
537 4037 727 4124 omnibus
754 4039 940 4154 operibus
967 4047 1053 4128 eius
1079 4069 1123 4130 :a
1146 4095 1183 4154 a.
1199 4050 1505 4146 :Abrenuncio
1532 4087 1576 4149 ε
1600 4057 1752 4144 Iterum
1781 4095 1824 4156 :t
1858 4083 1899 4148 et

221 4177 409 4262 omnibus
437 4186 596 4296 pompis
623 4185 708 4270 eius
734 4217 778 4282 a
810 4215 847 4273 r.
881 4203 928 4268 :t
955 4185 1209 4276 abrenuncio
1241 4225 1285 4290 τι.
1323 4195 1462 4284 Postea
1501 4203 1626 4316 tangit
1658 4197 1730 4316 (**)
1767 4195 1821 4288 de
1857 4233 1900 4288 o·

223 4317 286 4402 leo
321 4341 459 4436 pectus
486 4328 602 4432 eius,
638 4346 681 4414 et
705 4329 885 4444 smpaalas
911 4361 1030 4422 cruce
1056 4330 1237 4421 oriendo
1272 4366 1367 4424 cum
1404 4337 1549 4454 pollice
1577 4337 1691 4427 dicat
1728 4356 1772 4422 Ξ
1806 4341 1898 4464 Ego

221 4483 260 4558 ,te
287 4464 384 4550 linio
411 4465 501 4554 oleo
527 4469 665 4556 saluus
691 4477 735 4560 in
761 4469 859 4592 Xp⁰
875 4473 959 4564 Y.¹¹⁸
987 4479 1155 4570 domino
1182 4501 1317 4568 nocuo
1344 4485 1387 4569 in
1426 4485 1551 4568 vitam
1569 4505 1745 4572 eternam
1770 4517 1814 4584 ,τ
1841 4487 1896 4572 Α·
2018 4596 2022 4606 ¹
2094 4585 2099 4598 ,

221 4605 493 4701 mene-:Tunc
518 4611 681 4726 impona
698 4615 741 4698 in
769 4645 911 4708 manus
937 4651 1008 4708 sua
1035 4649 1155 4734 super
1172 4621 1305 4738 captad
1332 4629 1418 4716 eius
1432 4622 1538 4714 dicat
1565 4647 1606 4762 ot
1633 4629 1903 4750 interrogat:

322 4975 375 5076 <·)
399 4971 525 5076 supple
547 4981 724 5064 roacare.

321 5105 392 5207 (ss)
417 5107 513 5212 nege
535 5119 640 5206 unga
