<?xml version="1.0" encoding="UTF-8"?>
<!DOCTYPE html PUBLIC "-//W3C//DTD XHTML 1.0 Transitional//EN"
    "http://www.w3.org/TR/xhtml1/DTD/xhtml1-transitional.dtd">
<html xmlns="http://www.w3.org/1999/xhtml" xml:lang="en" lang="en">
 <head>
  <title>
</title>
<meta http-equiv="Content-Type" content="text/html;charset=utf-8" />
  <meta name='ocr-system' content='tesseract 3.04.00' />
  <meta name='ocr-capabilities' content='ocr_page ocr_carea ocr_par ocr_line ocrx_word'/>
</head>
<body>
  <div class='ocr_page' id='page_1' title='image "./kalendariaveter00giovgoog_0193.png"; bbox 0 0 4870 6630; ppageno 0'>
   <div class='ocr_carea' id='block_1_1' title="bbox 474 511 2289 4775">
    <p class='ocr_par' dir='ltr' id='par_1_1' title="bbox 1239 511 1385 635">
     <span class='ocr_line' id='line_1_1' title="bbox 1239 511 1385 635; baseline -0.014 0"><span class='ocrx_word' id='word_1_1' title='bbox 1239 517 1257 635; x_wconf 92' lang='lat'>(</span> <span class='ocrx_word' id='word_1_2' title='bbox 1290 549 1341 634; x_wconf 83' lang='lat'><em>70</em></span> <span class='ocrx_word' id='word_1_3' title='bbox 1369 511 1385 633; x_wconf 87' lang='lat' dir='ltr'><em>l</em></span> 
     </span>
    </p>

    <p class='ocr_par' dir='ltr' id='par_1_2' title="bbox 478 665 2155 1066">
     <span class='ocr_line' id='line_1_2' title="bbox 478 665 2152 817; baseline -0.007 -37"><span class='ocrx_word' id='word_1_4' title='bbox 478 739 497 780; x_wconf 68' lang='lat' dir='ltr'><em>a</em></span> <span class='ocrx_word' id='word_1_5' title='bbox 530 699 700 817; x_wconf 77' lang='lat' dir='ltr'><em>pudibus</em></span> <span class='ocrx_word' id='word_1_6' title='bbox 729 665 992 796; x_wconf 81' lang='lat' dir='ltr'><em>accendatur,</em></span> <span class='ocrx_word' id='word_1_7' title='bbox 1025 717 1127 804; x_wconf 85' lang='lat' dir='ltr'><em>quae</em></span> <span class='ocrx_word' id='word_1_8' title='bbox 1163 681 1340 799; x_wconf 84' lang='lat' dir='ltr'><em>pendent</em></span> <span class='ocrx_word' id='word_1_9' title='bbox 1366 713 1486 796; x_wconf 88' lang='lat' dir='ltr'><em>super</em></span> <span class='ocrx_word' id='word_1_10' title='bbox 1514 678 1762 796; x_wconf 87' lang='lat' dir='ltr'><em>praedictum</em></span> <span class='ocrx_word' id='word_1_11' title='bbox 1800 675 2062 792; x_wconf 85' lang='lat' dir='ltr'><em>sepulerum,</em></span> <span class='ocrx_word' id='word_1_12' title='bbox 2098 682 2152 768; x_wconf 89' lang='lat' dir='ltr'><em>de</em></span> 
     </span>
     <span class='ocr_line' id='line_1_3' title="bbox 478 819 2155 959; baseline -0.009 -39"><span class='ocrx_word' id='word_1_13' title='bbox 478 879 497 920; x_wconf 84' lang='lat'>»</span> <span class='ocrx_word' id='word_1_14' title='bbox 530 875 614 959; x_wconf 91' lang='lat' dir='ltr'><em>quo</em></span> <span class='ocrx_word' id='word_1_15' title='bbox 645 840 713 925; x_wconf 86' lang='lat' dir='ltr'><em>dat</em></span> <span class='ocrx_word' id='word_1_16' title='bbox 746 835 970 936; x_wconf 74' lang='lat' dir='ltr'><em>Patriarcha</em></span> <span class='ocrx_word' id='word_1_17' title='bbox 998 831 1244 942; x_wconf 86' lang='lat' dir='ltr'><em>Episcopis,</em></span> <span class='ocrx_word' id='word_1_18' title='bbox 1274 823 1499 938; x_wconf 85' lang='lat' dir='ltr'><em>etreliqua</em></span> <span class='ocrx_word' id='word_1_19' title='bbox 1528 820 1711 936; x_wconf 90' lang='lat' dir='ltr'><em>populo,</em></span> <span class='ocrx_word' id='word_1_20' title='bbox 1739 839 1785 902; x_wconf 89' lang='lat' dir='ltr'><em>ut</em></span> <span class='ocrx_word' id='word_1_21' title='bbox 1814 819 2041 906; x_wconf 85' lang='lat' dir='ltr'><strong>illuminent</strong></span> <span class='ocrx_word' id='word_1_22' title='bbox 2080 821 2155 906; x_wconf 88' lang='lat' dir='ltr'><em>sibi</em></span> 
     </span>
     <span class='ocr_line' id='line_1_4' title="bbox 478 979 813 1066; baseline -0.006 -1"><span class='ocrx_word' id='word_1_23' title='bbox 478 1015 497 1056; x_wconf 83' lang='lat' dir='ltr'><em>n</em></span> <span class='ocrx_word' id='word_1_24' title='bbox 529 985 571 1066; x_wconf 88' lang='lat' dir='ltr'><em>in</em></span> <span class='ocrx_word' id='word_1_25' title='bbox 602 979 696 1064; x_wconf 90' lang='lat' dir='ltr'><em>locis</em></span> <span class='ocrx_word' id='word_1_26' title='bbox 724 982 813 1064; x_wconf 80' lang='lat' dir='ltr'><em>suis,</em></span> 
     </span>
    </p>

    <p class='ocr_par' dir='ltr' id='par_1_3' title="bbox 474 1092 2188 3209">
     <span class='ocr_line' id='line_1_5' title="bbox 475 1092 2155 1234; baseline -0.011 -30"><span class='ocrx_word' id='word_1_27' title='bbox 475 1221 479 1234; x_wconf 29' lang='grc' dir='ltr'>ι</span> <span class='ocrx_word' id='word_1_28' title='bbox 519 1221 522 1232; x_wconf 28' lang='grc'>1</span> <span class='ocrx_word' id='word_1_29' title='bbox 587 1115 790 1206; x_wconf 85' lang='lat' dir='ltr'><em>Bernardo</em></span> <span class='ocrx_word' id='word_1_30' title='bbox 823 1119 1028 1205; x_wconf 84' lang='lat' dir='ltr'>concinere</span> <span class='ocrx_word' id='word_1_31' title='bbox 1059 1117 1119 1196; x_wconf 85' lang='lat' dir='ltr'><em>ait</em></span> <span class='ocrx_word' id='word_1_32' title='bbox 1147 1109 1367 1198; x_wconf 83' lang='lat' dir='ltr'><em>Martenius</em></span> <span class='ocrx_word' id='word_1_33' title='bbox 1381 1092 1697 1194; x_wconf 70' lang='lat' dir='ltr'><em>uetustissimum</em></span> <span class='ocrx_word' id='word_1_34' title='bbox 1724 1100 1923 1186; x_wconf 85' lang='lat' dir='ltr'><em>Ecclesiae</em></span> <span class='ocrx_word' id='word_1_35' title='bbox 1941 1099 2155 1203; x_wconf 80' lang='lat' dir='ltr'><em>Pictavien·</em></span> 
     </span>
     <span class='ocr_line' id='line_1_6' title="bbox 475 1241 2157 1373; baseline -0.012 -24"><span class='ocrx_word' id='word_1_36' title='bbox 475 1265 527 1349; x_wconf 86' lang='lat' dir='ltr'><em>sis</em></span> <span class='ocrx_word' id='word_1_37' title='bbox 554 1255 796 1346; x_wconf 80' lang='lat' dir='ltr'><em>Pontificele</em></span> <span class='ocrx_word' id='word_1_38' title='bbox 825 1286 932 1373; x_wconf 79' lang='lat' dir='ltr'><em>nono</em></span> <span class='ocrx_word' id='word_1_39' title='bbox 958 1253 1117 1342; x_wconf 80' lang='lat' dir='ltr'><em>saeculo</em></span> <span class='ocrx_word' id='word_1_40' title='bbox 1145 1256 1361 1365; x_wconf 87' lang='lat' dir='ltr'><em>scriptum,</em></span> <span class='ocrx_word' id='word_1_41' title='bbox 1391 1251 1461 1337; x_wconf 88' lang='lat' dir='ltr'><em>ubi</em></span> <span class='ocrx_word' id='word_1_42' title='bbox 1491 1255 1534 1333; x_wconf 90' lang='lat' dir='ltr'><em>in</em></span> <span class='ocrx_word' id='word_1_43' title='bbox 1562 1245 1696 1362; x_wconf 84' lang='lat' dir='ltr'><em>vigilia</em></span> <span class='ocrx_word' id='word_1_44' title='bbox 1710 1243 1879 1328; x_wconf 81' lang='lat' dir='ltr'><strong>Paschae</strong></span> <span class='ocrx_word' id='word_1_45' title='bbox 1907 1241 2002 1327; x_wconf 83' lang='lat' dir='ltr'><em>haec</em></span> <span class='ocrx_word' id='word_1_46' title='bbox 2020 1241 2157 1360; x_wconf 81' lang='lat' dir='ltr'><em>legun-</em></span> 
     </span>
     <span class='ocr_line' id='line_1_7' title="bbox 480 1379 2157 1518; baseline -0.008 -35"><span class='ocrx_word' id='word_1_47' title='bbox 480 1423 551 1486; x_wconf 88' lang='lat' dir='ltr'><em>tur</em></span> <span class='ocrx_word' id='word_1_48' title='bbox 564 1422 620 1518; x_wconf 28' lang='grc' dir='ltr'><em>..τί</em></span> <span class='ocrx_word' id='word_1_49' title='bbox 657 1397 817 1488; x_wconf 82' lang='lat' dir='ltr'><em>Eadem</em></span> <span class='ocrx_word' id='word_1_50' title='bbox 848 1411 962 1479; x_wconf 89' lang='lat' dir='ltr'><em>nocte</em></span> <span class='ocrx_word' id='word_1_51' title='bbox 989 1391 1249 1504; x_wconf 79' lang='lat' dir='ltr'><em>[erosolymis</em></span> <span class='ocrx_word' id='word_1_52' title='bbox 1292 1396 1338 1474; x_wconf 90' lang='lat' dir='ltr'><em>in</em></span> <span class='ocrx_word' id='word_1_53' title='bbox 1368 1392 1558 1512; x_wconf 88' lang='lat' dir='ltr'><em>Sepulcro</em></span> <span class='ocrx_word' id='word_1_54' title='bbox 1605 1387 1759 1472; x_wconf 84' lang='lat' dir='ltr'><em>domini</em></span> <span class='ocrx_word' id='word_1_55' title='bbox 1811 1379 1971 1497; x_wconf 81' lang='lat' dir='ltr'><em>lampas</em></span> <span class='ocrx_word' id='word_1_56' title='bbox 2006 1387 2057 1468; x_wconf 89' lang='lat' dir='ltr'><em>ab</em></span> <span class='ocrx_word' id='word_1_57' title='bbox 2085 1419 2157 1470; x_wconf 89' lang='lat' dir='ltr'><em>an·</em></span> 
     </span>
     <span class='ocr_line' id='line_1_8' title="bbox 477 1525 2156 1654; baseline -0.007 -33"><span class='ocrx_word' id='word_1_58' title='bbox 477 1541 565 1654; x_wconf 78' lang='lat' dir='ltr'><em>gelo</em></span> <span class='ocrx_word' id='word_1_59' title='bbox 581 1537 846 1642; x_wconf 85' lang='lat' dir='ltr'><em>illuminatur,</em></span> <span class='ocrx_word' id='word_1_60' title='bbox 866 1553 909 1620; x_wconf 82' lang='lat' dir='ltr'><em>ut</em></span> <span class='ocrx_word' id='word_1_61' title='bbox 923 1537 1135 1638; x_wconf 83' lang='lat' dir='ltr'><em>veracium</em></span> <span class='ocrx_word' id='word_1_62' title='bbox 1149 1533 1341 1618; x_wconf 76' lang='lat' dir='ltr'><em>rebatione</em></span> <span class='ocrx_word' id='word_1_63' title='bbox 1358 1533 1541 1635; x_wconf 82' lang='lat' dir='ltr'><em>traditur,</em></span> <span class='ocrx_word' id='word_1_64' title='bbox 1557 1533 1627 1649; x_wconf 85' lang='lat' dir='ltr'><em>qui</em></span> <span class='ocrx_word' id='word_1_65' title='bbox 1638 1548 1771 1616; x_wconf 83' lang='lat' dir='ltr'><em>nostro</em></span> <span class='ocrx_word' id='word_1_66' title='bbox 1787 1547 1961 1654; x_wconf 79' lang='lat' dir='ltr'><em>tempore</em></span> <span class='ocrx_word' id='word_1_67' title='bbox 1981 1525 2031 1612; x_wconf 84' lang='lat' dir='ltr'><em>de</em></span> <span class='ocrx_word' id='word_1_68' title='bbox 2048 1529 2156 1615; x_wconf 86' lang='lat' dir='ltr'><em>Ieru-</em></span> 
     </span>
     <span class='ocr_line' id='line_1_9' title="bbox 474 1656 2156 1794; baseline -0.006 -28"><span class='ocrx_word' id='word_1_69' title='bbox 474 1682 604 1766; x_wconf 80' lang='lat' dir='ltr'><em>salem</em></span> <span class='ocrx_word' id='word_1_70' title='bbox 631 1693 840 1764; x_wconf 81' lang='lat' dir='ltr'><em>venerunt.</em></span> <span class='ocrx_word' id='word_1_71' title='bbox 871 1656 1196 1794; x_wconf 69' lang='lat' dir='ltr'><em>SequiturHugo</em></span> <span class='ocrx_word' id='word_1_72' title='bbox 1210 1661 1511 1765; x_wconf 68' lang='lat' dir='ltr'><em>flaviniacensis</em></span> <span class='ocrx_word' id='word_1_73' title='bbox 1525 1679 1566 1759; x_wconf 91' lang='lat' dir='ltr'><em>iu</em></span> <span class='ocrx_word' id='word_1_74' title='bbox 1585 1671 1782 1756; x_wconf 74' lang='lat' dir='ltr'><em>Chronico</em></span> <span class='ocrx_word' id='word_1_75' title='bbox 1802 1669 2066 1775; x_wconf 81' lang='lat' dir='ltr'><em>virdunensi,</em></span> <span class='ocrx_word' id='word_1_76' title='bbox 2085 1671 2156 1757; x_wconf 88' lang='lat' dir='ltr'><em>ubi</em></span> 
     </span>
     <span class='ocr_line' id='line_1_10' title="bbox 479 1811 2159 1935; baseline -0.002 -33"><span class='ocrx_word' id='word_1_77' title='bbox 479 1821 595 1935; x_wconf 77' lang='lat' dir='ltr'><em>agens</em></span> <span class='ocrx_word' id='word_1_78' title='bbox 623 1818 678 1904; x_wconf 87' lang='lat' dir='ltr'><em>de</em></span> <span class='ocrx_word' id='word_1_79' title='bbox 706 1823 843 1902; x_wconf 86' lang='lat' dir='ltr'><em>itinere</em></span> <span class='ocrx_word' id='word_1_80' title='bbox 874 1818 1241 1930; x_wconf 83' lang='lat' dir='ltr'><em>Hierosolymitano</em></span> <span class='ocrx_word' id='word_1_81' title='bbox 1270 1817 1457 1904; x_wconf 82' lang='lat' dir='ltr'><em>Richardi</em></span> <span class='ocrx_word' id='word_1_82' title='bbox 1486 1817 1626 1902; x_wconf 83' lang='lat' dir='ltr'><em>Abatis</em></span> <span class='ocrx_word' id='word_1_83' title='bbox 1654 1811 1691 1897; x_wconf 87' lang='lat' dir='ltr'><em>S.</em></span> <span class='ocrx_word' id='word_1_84' title='bbox 1720 1811 2102 1918; x_wconf 82' lang='lat' dir='ltr'><em>Vitoui,haechabet</em></span> <span class='ocrx_word' id='word_1_85' title='bbox 2117 1839 2159 1898; x_wconf 84' lang='lat' dir='ltr'><em>t:</em></span> 
     </span>
     <span class='ocr_line' id='line_1_11' title="bbox 483 1955 2160 2086; baseline -0.004 -41"><span class='ocrx_word' id='word_1_86' title='bbox 483 1957 722 2045; x_wconf 67' lang='lat' dir='ltr'><em>Ventidios</em></span> <span class='ocrx_word' id='word_1_87' title='bbox 753 1960 916 2044; x_wconf 86' lang='lat' dir='ltr'><em>Sabbati</em></span> <span class='ocrx_word' id='word_1_88' title='bbox 940 1966 1094 2065; x_wconf 86' lang='lat' dir='ltr'><em>sancti,</em></span> <span class='ocrx_word' id='word_1_89' title='bbox 1124 1991 1200 2076; x_wconf 83' lang='lat' dir='ltr'><em>quc</em></span> <span class='ocrx_word' id='word_1_90' title='bbox 1229 1963 1519 2076; x_wconf 78' lang='lat' dir='ltr'><em>expectabatur</em></span> <span class='ocrx_word' id='word_1_91' title='bbox 1554 1960 1661 2076; x_wconf 82' lang='lat' dir='ltr'><em>ignz&#39;s</em></span> <span class='ocrx_word' id='word_1_92' title='bbox 1689 1986 1718 2036; x_wconf 90' lang='lat' dir='ltr'><em>a</em></span> <span class='ocrx_word' id='word_1_93' title='bbox 1747 1955 1935 2086; x_wconf 81' lang='lat' dir='ltr'><em>domina,</em></span> <span class='ocrx_word' id='word_1_94' title='bbox 1973 1973 2010 2039; x_wconf 89' lang='lat' dir='ltr'><em>et</em></span> <span class='ocrx_word' id='word_1_95' title='bbox 2026 1959 2160 2075; x_wconf 75' lang='lat' dir='ltr'><em>gemi-</em></span> 
     </span>
     <span class='ocr_line' id='line_1_12' title="bbox 476 2097 2166 2218; baseline 0.005 -36"><span class='ocrx_word' id='word_1_96' title='bbox 476 2097 536 2192; x_wconf 82' lang='lat' dir='ltr'><em>les</em></span> <span class='ocrx_word' id='word_1_97' title='bbox 564 2099 743 2206; x_wconf 82' lang='lat' dir='ltr'><em>armati,</em></span> <span class='ocrx_word' id='word_1_98' title='bbox 772 2101 1008 2186; x_wconf 78' lang='lat' dir='ltr'><em>christianis</em></span> <span class='ocrx_word' id='word_1_99' title='bbox 1038 2108 1142 2186; x_wconf 83' lang='lat' dir='ltr'><em>intro</em></span> <span class='ocrx_word' id='word_1_100' title='bbox 1170 2103 1365 2188; x_wconf 79' lang='lat' dir='ltr'><em>conclusis</em></span> <span class='ocrx_word' id='word_1_101' title='bbox 1409 2119 1447 2186; x_wconf 91' lang='lat' dir='ltr'><em>et</em></span> <span class='ocrx_word' id='word_1_102' title='bbox 1482 2101 1776 2218; x_wconf 79' lang='lat' dir='ltr'><em>beneplacitam</em></span> <span class='ocrx_word' id='word_1_103' title='bbox 1798 2100 2063 2186; x_wconf 83' lang='lat' dir='ltr'><em>¹uoluntatem</em></span> <span class='ocrx_word' id='word_1_104' title='bbox 2092 2101 2166 2190; x_wconf 81' lang='lat' dir='ltr'><em>dc·</em></span> 
     </span>
     <span class='ocr_line' id='line_1_13' title="bbox 479 2241 2161 2360; baseline 0.002 -40"><span class='ocrx_word' id='word_1_105' title='bbox 479 2245 584 2322; x_wconf 88' lang='lat' dir='ltr'><em>mini</em></span> <span class='ocrx_word' id='word_1_106' title='bbox 609 2241 660 2322; x_wconf 87' lang='lat' dir='ltr'><em>de</em></span> <span class='ocrx_word' id='word_1_107' title='bbox 690 2247 784 2355; x_wconf 79' lang='lat' dir='ltr'><em>igne</em></span> <span class='ocrx_word' id='word_1_108' title='bbox 813 2243 1064 2354; x_wconf 84' lang='lat' dir='ltr'><em>suscipiendo</em></span> <span class='ocrx_word' id='word_1_109' title='bbox 1090 2243 1429 2360; x_wconf 74' lang='lat' dir='ltr'><em>praestolantibus</em></span> <span class='ocrx_word' id='word_1_110' title='bbox 1447 2261 1570 2328; x_wconf 87' lang='lat' dir='ltr'><em>totam</em></span> <span class='ocrx_word' id='word_1_111' title='bbox 1590 2245 1916 2328; x_wconf 85' lang='lat' dir='ltr'><em>observaverant</em></span> <span class='ocrx_word' id='word_1_112' title='bbox 1924 2241 2161 2345; x_wconf 83' lang='lat' dir='ltr'><em>Ecclesiam,</em></span> 
     </span>
     <span class='ocr_line' id='line_1_14' title="bbox 479 2360 2160 2506; baseline 0.004 -46"><span class='ocrx_word' id='word_1_113' title='bbox 479 2379 523 2494; x_wconf 82' lang='lat' dir='ltr'><em>ut</em></span> <span class='ocrx_word' id='word_1_114' title='bbox 552 2385 589 2462; x_wconf 91' lang='lat' dir='ltr'><em>si</em></span> <span class='ocrx_word' id='word_1_115' title='bbox 598 2497 601 2506; x_wconf 17' lang='grc' dir='ltr'><strong><em>Δ</em></strong></span> <span class='ocrx_word' id='word_1_116' title='bbox 614 2360 723 2498; x_wconf 72' lang='lat' dir='ltr'><em>ignis</em></span> <span class='ocrx_word' id='word_1_117' title='bbox 751 2415 831 2470; x_wconf 88' lang='lat' dir='ltr'><em>non</em></span> <span class='ocrx_word' id='word_1_118' title='bbox 860 2384 1091 2492; x_wconf 86' lang='lat' dir='ltr'><em>adveniret,</em></span> <span class='ocrx_word' id='word_1_119' title='bbox 1112 2419 1250 2472; x_wconf 91' lang='lat' dir='ltr'><em>omnes</em></span> <span class='ocrx_word' id='word_1_120' title='bbox 1276 2385 1414 2503; x_wconf 81' lang='lat' dir='ltr'><em>gladio</em></span> <span class='ocrx_word' id='word_1_121' title='bbox 1437 2389 1761 2498; x_wconf 71' lang='lat' dir='ltr'><em>perimerentur:</em></span> <span class='ocrx_word' id='word_1_122' title='bbox 1802 2413 1894 2468; x_wconf 78' lang='lat' dir='ltr'><em>uem</em></span> <span class='ocrx_word' id='word_1_123' title='bbox 1933 2411 2020 2465; x_wconf 88' lang='lat' dir='ltr'><em>ecce</em></span> <span class='ocrx_word' id='word_1_124' title='bbox 2059 2380 2160 2467; x_wconf 76' lang='lat' dir='ltr'><em>liora</em></span> 
     </span>
     <span class='ocr_line' id='line_1_15' title="bbox 478 2519 2157 2644; baseline 0.005 -43"><span class='ocrx_word' id='word_1_125' title='bbox 478 2523 641 2608; x_wconf 80' lang='lat' dir='ltr'><em>circiter</em></span> <span class='ocrx_word' id='word_1_126' title='bbox 667 2557 804 2633; x_wconf 90' lang='lat' dir='ltr'><em>nona,</em></span> <span class='ocrx_word' id='word_1_127' title='bbox 833 2519 1015 2612; x_wconf 80' lang='lat' dir='ltr'><em>omnibus</em></span> <span class='ocrx_word' id='word_1_128' title='bbox 1044 2533 1246 2616; x_wconf 87' lang='lat' dir='ltr'><em>orantibus</em></span> <span class='ocrx_word' id='word_1_129' title='bbox 1274 2536 1319 2614; x_wconf 91' lang='lat' dir='ltr'><em>in</em></span> <span class='ocrx_word' id='word_1_130' title='bbox 1346 2557 1430 2612; x_wconf 89' lang='lat' dir='ltr'><em>una</em></span> <span class='ocrx_word' id='word_1_131' title='bbox 1463 2525 1653 2643; x_wconf 86' lang='lat' dir='ltr'><em>lampade</em></span> <span class='ocrx_word' id='word_1_132' title='bbox 1686 2530 1795 2644; x_wconf 82' lang='lat' dir='ltr'><em>ignis</em></span> <span class='ocrx_word' id='word_1_133' title='bbox 1823 2557 2017 2612; x_wconf 86' lang='lat' dir='ltr'><em>accensus</em></span> <span class='ocrx_word' id='word_1_134' title='bbox 2046 2545 2100 2610; x_wconf 91' lang='lat' dir='ltr'><em>est</em></span> <span class='ocrx_word' id='word_1_135' title='bbox 2130 2561 2157 2625; x_wconf 82' lang='lat' dir='ltr'><em>a</em></span> 
     </span>
     <span class='ocr_line' id='line_1_16' title="bbox 478 2667 2162 2787; baseline -0.01 -25"><span class='ocrx_word' id='word_1_136' title='bbox 478 2671 642 2762; x_wconf 77' lang='lat' dir='ltr'><em>domino</em></span> <span class='ocrx_word' id='word_1_137' title='bbox 670 2668 821 2760; x_wconf 84' lang='lat' dir='ltr'><em>nullius</em></span> <span class='ocrx_word' id='word_1_138' title='bbox 850 2669 1082 2753; x_wconf 76' lang='lat' dir='ltr'><em>mortalium</em></span> <span class='ocrx_word' id='word_1_139' title='bbox 1109 2672 1362 2787; x_wconf 72' lang='lat' dir='ltr'><em>siffragante</em></span> <span class='ocrx_word' id='word_1_140' title='bbox 1388 2667 1670 2754; x_wconf 84' lang='lat' dir='ltr'><em>amnu&#39;niculo:</em></span> <span class='ocrx_word' id='word_1_141' title='bbox 1698 2687 1737 2752; x_wconf 87' lang='lat' dir='ltr'><em>et</em></span> <span class='ocrx_word' id='word_1_142' title='bbox 1746 2667 1916 2783; x_wconf 84' lang='lat' dir='ltr'><em>gentiles</em></span> <span class='ocrx_word' id='word_1_143' title='bbox 1940 2685 2076 2780; x_wconf 88' lang='lat' dir='ltr'><em>stupor</em></span> <span class='ocrx_word' id='word_1_144' title='bbox 2091 2697 2162 2778; x_wconf 91' lang='lat' dir='ltr'><em>ap-</em></span> 
     </span>
     <span class='ocr_line' id='line_1_17' title="bbox 475 2807 2160 2932; baseline -0.006 -31"><span class='ocrx_word' id='word_1_145' title='bbox 475 2811 690 2932; x_wconf 80' lang='lat' dir='ltr'><em>prehendit</em></span> <span class='ocrx_word' id='word_1_146' title='bbox 718 2830 756 2894; x_wconf 92' lang='lat' dir='ltr'><em>et</em></span> <span class='ocrx_word' id='word_1_147' title='bbox 771 2807 935 2925; x_wconf 82' lang='lat' dir='ltr'><em>¹pavor:</em></span> <span class='ocrx_word' id='word_1_148' title='bbox 971 2812 1229 2901; x_wconf 79' lang='lat' dir='ltr'><em>Christianos</em></span> <span class='ocrx_word' id='word_1_149' title='bbox 1257 2842 1359 2898; x_wconf 82' lang='lat' dir='ltr'><em>vero</em></span> <span class='ocrx_word' id='word_1_150' title='bbox 1383 2810 1582 2928; x_wconf 65' lang='lat' dir='ltr'><em>guadiam</em></span> <span class='ocrx_word' id='word_1_151' title='bbox 1615 2829 1654 2931; x_wconf 85' lang='lat' dir='ltr'><em>et</em></span> <span class='ocrx_word' id='word_1_152' title='bbox 1681 2809 1909 2920; x_wconf 81' lang='lat' dir='ltr'><em>exultatio,</em></span> <span class='ocrx_word' id='word_1_153' title='bbox 1953 2831 1995 2896; x_wconf 94' lang='lat' dir='ltr'><em>ut</em></span> <span class='ocrx_word' id='word_1_154' title='bbox 2033 2811 2083 2894; x_wconf 89' lang='lat' dir='ltr'><em>ab</em></span> <span class='ocrx_word' id='word_1_155' title='bbox 2121 2839 2160 2891; x_wconf 87' lang='lat' dir='ltr'><em>o·</em></span> 
     </span>
     <span class='ocr_line' id='line_1_18' title="bbox 481 2956 2163 3096; baseline -0.004 -55"><span class='ocrx_word' id='word_1_156' title='bbox 481 2957 640 3042; x_wconf 84' lang='lat' dir='ltr'><em>mnibus</em></span> <span class='ocrx_word' id='word_1_157' title='bbox 668 2969 748 3036; x_wconf 90' lang='lat' dir='ltr'><em>tota</em></span> <span class='ocrx_word' id='word_1_158' title='bbox 778 2957 961 3036; x_wconf 77' lang='lat' dir='ltr'><em>certatim</em></span> <span class='ocrx_word' id='word_1_159' title='bbox 990 2973 1204 3040; x_wconf 87' lang='lat' dir='ltr'><em>caneretur</em></span> <span class='ocrx_word' id='word_1_160' title='bbox 1223 2958 1426 3064; x_wconf 85' lang='lat' dir='ltr'><em>Ecclesia,</em></span> <span class='ocrx_word' id='word_1_161' title='bbox 1446 2957 1631 3072; x_wconf 81' lang='lat' dir='ltr'><em>Magnus</em></span> <span class='ocrx_word' id='word_1_162' title='bbox 1650 2956 1835 3096; x_wconf 82' lang='lat' dir='ltr'><em>dommus</em></span> <span class='ocrx_word' id='word_1_163' title='bbox 1863 2973 1995 3042; x_wconf 82' lang='lat' dir='ltr'><em>noster</em></span> <span class='ocrx_word' id='word_1_164' title='bbox 2020 2970 2056 3038; x_wconf 87' lang='lat' dir='ltr'><em>et</em></span> <span class='ocrx_word' id='word_1_165' title='bbox 2076 2981 2163 3036; x_wconf 82' lang='lat' dir='ltr'><em>rna-</em></span> 
     </span>
     <span class='ocr_line' id='line_1_19' title="bbox 476 3096 2188 3216; baseline 0.002 -36.007"><span class='ocrx_word' id='word_1_166' title='bbox 476 3125 564 3216; x_wconf 77' lang='lat' dir='ltr'><em>gna</em></span> <span class='ocrx_word' id='word_1_167' title='bbox 594 3099 719 3186; x_wconf 78' lang='lat' dir='ltr'><em>virtus</em></span> <span class='ocrx_word' id='word_1_168' title='bbox 748 3096 833 3176; x_wconf 87' lang='lat' dir='ltr'><em>eius</em></span> <span class='ocrx_word' id='word_1_169' title='bbox 845 3154 857 3197; x_wconf 97' lang='lat'><em>,</em></span> <span class='ocrx_word' id='word_1_170' title='bbox 888 3111 927 3175; x_wconf 91' lang='lat' dir='ltr'><em>et</em></span> <span class='ocrx_word' id='word_1_171' title='bbox 955 3099 1179 3206; x_wconf 76' lang='lat' dir='ltr'><em>sapientiae</em></span> <span class='ocrx_word' id='word_1_172' title='bbox 1208 3102 1293 3183; x_wconf 89' lang='lat' dir='ltr'><em>eius</em></span> <span class='ocrx_word' id='word_1_173' title='bbox 1322 3131 1405 3184; x_wconf 80' lang='lat' dir='ltr'><em>aton</em></span> <span class='ocrx_word' id='word_1_174' title='bbox 1433 3115 1490 3183; x_wconf 86' lang='lat' dir='ltr'><em>est</em></span> <span class='ocrx_word' id='word_1_175' title='bbox 1518 3129 1718 3186; x_wconf 88' lang='lat' dir='ltr'><em>numerus</em></span> <span class='ocrx_word' id='word_1_176' title='bbox 2181 3202 2188 3207; x_wconf 31' lang='grc'><em>,</em></span> 
     </span>
    </p>

    <p class='ocr_par' dir='ltr' id='par_1_4' title="bbox 596 3183 2162 3358">
     <span class='ocr_line' id='line_1_20' title="bbox 596 3183 2162 3358; baseline -0.001 -36"><span class='ocrx_word' id='word_1_177' title='bbox 596 3237 889 3330; x_wconf 82' lang='lat' dir='ltr'><em>Testimonium</em></span> <span class='ocrx_word' id='word_1_178' title='bbox 920 3234 1066 3320; x_wconf 84' lang='lat' dir='ltr'><em>Glabri</em></span> <span class='ocrx_word' id='word_1_179' title='bbox 1094 3237 1341 3354; x_wconf 87' lang='lat' dir='ltr'><em>Rodulphi</em></span> <span class='ocrx_word' id='word_1_180' title='bbox 1331 3273 1372 3326; x_wconf 89' lang='lat' dir='ltr'><em>tn</em></span> <span class='ocrx_word' id='word_1_181' title='bbox 1401 3240 1470 3326; x_wconf 88' lang='lat' dir='ltr'><em>lib</em></span> <span class='ocrx_word' id='word_1_182' title='bbox 1499 3241 1588 3325; x_wconf 89' lang='lat'><em>1111</em></span> <span class='ocrx_word' id='word_1_183' title='bbox 1616 3241 1719 3328; x_wconf 89' lang='lat' dir='ltr'><em>Hist.</em></span> <span class='ocrx_word' id='word_1_184' title='bbox 1748 3183 1830 3356; x_wconf 86' lang='lat' dir='ltr'><em>cap.</em></span> <span class='ocrx_word' id='word_1_185' title='bbox 1862 3239 2034 3358; x_wconf 87' lang='lat' dir='ltr'><em>6,qu0d</em></span> <span class='ocrx_word' id='word_1_186' title='bbox 2062 3235 2162 3324; x_wconf 90' lang='lat' dir='ltr'><em>indi·</em></span> 
     </span>
    </p>

    <p class='ocr_par' dir='ltr' id='par_1_5' title="bbox 480 3377 2289 4775">
     <span class='ocr_line' id='line_1_21' title="bbox 481 3377 2161 3502; baseline -0.001 -40"><span class='ocrx_word' id='word_1_187' title='bbox 481 3397 727 3464; x_wconf 76' lang='lat' dir='ltr'><em>cantantum</em></span> <span class='ocrx_word' id='word_1_188' title='bbox 757 3377 1008 3482; x_wconf 86' lang='lat' dir='ltr'><em>Martenius,</em></span> <span class='ocrx_word' id='word_1_189' title='bbox 1037 3409 1107 3463; x_wconf 86' lang='lat' dir='ltr'><em>nos</em></span> <span class='ocrx_word' id='word_1_190' title='bbox 1137 3379 1241 3466; x_wconf 91' lang='lat' dir='ltr'><em>hic</em></span> <span class='ocrx_word' id='word_1_191' title='bbox 1231 3406 1431 3502; x_wconf 77' lang='lat' dir='ltr'><em>integrum</em></span> <span class='ocrx_word' id='word_1_192' title='bbox 1453 3415 1501 3468; x_wconf 80' lang='lat' dir='ltr'><em>ex</em></span> <span class='ocrx_word' id='word_1_193' title='bbox 1520 3385 1791 3496; x_wconf 83' lang='lat' dir='ltr'><em>Papebrochio</em></span> <span class='ocrx_word' id='word_1_194' title='bbox 1819 3384 1971 3470; x_wconf 85' lang='lat' dir='ltr'><em>damus.</em></span> <span class='ocrx_word' id='word_1_195' title='bbox 1999 3383 2073 3468; x_wconf 78' lang='lat' dir='ltr'><em>Est</em></span> <span class='ocrx_word' id='word_1_196' title='bbox 2091 3411 2161 3463; x_wconf 85' lang='lat' dir='ltr'><em>au</em></span> 
     </span>
     <span class='ocr_line' id='line_1_22' title="bbox 480 3440 2170 3622; baseline 0 -16"><span class='ocrx_word' id='word_1_197' title='bbox 480 3542 564 3606; x_wconf 84' lang='lat' dir='ltr'><em>tem</em></span> <span class='ocrx_word' id='word_1_198' title='bbox 591 3517 822 3610; x_wconf 84' lang='lat' dir='ltr'><em>huiusmodi</em></span> <span class='ocrx_word' id='word_1_199' title='bbox 842 3440 1030 3618; x_wconf 61' lang='lat' dir='ltr'><em>:Anio</em></span> <span class='ocrx_word' id='word_1_200' title='bbox 1059 3527 1265 3612; x_wconf 87' lang='lat' dir='ltr'><em>incarnati</em></span> <span class='ocrx_word' id='word_1_201' title='bbox 1289 3527 1399 3613; x_wconf 76' lang='lat' dir='ltr'><em>verbi</em></span> <span class='ocrx_word' id='word_1_202' title='bbox 1408 3527 1672 3614; x_wconf 83' lang='lat' dir='ltr'><em>MXXXIII</em></span> <span class='ocrx_word' id='word_1_203' title='bbox 1683 3527 1850 3612; x_wconf 83' lang='lat' dir='ltr'><em>Arsenio</em></span> <span class='ocrx_word' id='word_1_204' title='bbox 1877 3527 2024 3622; x_wconf 79' lang='lat' dir='ltr'><em>scilicet</em></span> <span class='ocrx_word' id='word_1_205' title='bbox 2044 3523 2170 3610; x_wconf 83' lang='lat' dir='ltr'><em>Grae·</em></span> 
     </span>
     <span class='ocr_line' id='line_1_23' title="bbox 486 3655 2166 3790; baseline 0.004 -44"><span class='ocrx_word' id='word_1_206' title='bbox 486 3691 533 3746; x_wconf 92' lang='lat' dir='ltr'><em>co</em></span> <span class='ocrx_word' id='word_1_207' title='bbox 563 3655 806 3762; x_wconf 83' lang='lat' dir='ltr'><em>Patriurcha,</em></span> <span class='ocrx_word' id='word_1_208' title='bbox 835 3688 929 3746; x_wconf 89' lang='lat' dir='ltr'><em>cum</em></span> <span class='ocrx_word' id='word_1_209' title='bbox 959 3657 1113 3744; x_wconf 87' lang='lat' dir='ltr'><em>infinita</em></span> <span class='ocrx_word' id='word_1_210' title='bbox 1142 3663 1446 3752; x_wconf 86' lang='lat' dir='ltr'><em>christianorum</em></span> <span class='ocrx_word' id='word_1_211' title='bbox 1474 3667 1707 3774; x_wconf 87' lang='lat' dir='ltr'><em>multitud0,</em></span> <span class='ocrx_word' id='word_1_212' title='bbox 1736 3667 1893 3790; x_wconf 82' lang='lat' dir='ltr'><em>Regum</em></span> <span class='ocrx_word' id='word_1_213' title='bbox 1910 3700 2075 3786; x_wconf 89' lang='lat' dir='ltr'><em>quoque</em></span> <span class='ocrx_word' id='word_1_214' title='bbox 2090 3665 2166 3752; x_wconf 89' lang='lat' dir='ltr'><em>Co-</em></span> 
     </span>
     <span class='ocr_line' id='line_1_24' title="bbox 485 3798 2166 3920; baseline 0.01 -39"><span class='ocrx_word' id='word_1_215' title='bbox 485 3804 634 3881; x_wconf 87' lang='lat' dir='ltr'><em>mitum</em></span> <span class='ocrx_word' id='word_1_216' title='bbox 663 3821 702 3882; x_wconf 89' lang='lat' dir='ltr'><em>et</em></span> <span class='ocrx_word' id='word_1_217' title='bbox 731 3798 970 3883; x_wconf 85' lang='lat' dir='ltr'><em>Praesulum</em></span> <span class='ocrx_word' id='word_1_218' title='bbox 1000 3807 1322 3920; x_wconf 85' lang='lat' dir='ltr'><em>peregrinabatur</em></span> <span class='ocrx_word' id='word_1_219' title='bbox 1357 3807 1570 3898; x_wconf 85' lang='lat' dir='ltr'><em>Odorlicus</em></span> <span class='ocrx_word' id='word_1_220' title='bbox 1601 3810 1905 3900; x_wconf 71' lang='lat' dir='ltr'><em>Aurelianensis</em></span> <span class='ocrx_word' id='word_1_221' title='bbox 1936 3814 2110 3900; x_wconf 63' lang='lat' dir='ltr'><em>ltaesat</em></span> <span class='ocrx_word' id='word_1_222' title='bbox 2120 3813 2166 3898; x_wconf 82' lang='lat' dir='ltr'><em>ib</em></span> 
     </span>
     <span class='ocr_line' id='line_1_25' title="bbox 485 3935 2165 4066; baseline 0.013 -51"><span class='ocrx_word' id='word_1_223' title='bbox 485 3935 539 4018; x_wconf 86' lang='lat' dir='ltr'><em>lie</em></span> <span class='ocrx_word' id='word_1_224' title='bbox 560 3967 758 4052; x_wconf 79' lang='lat' dir='ltr'><em>pergens,</em></span> <span class='ocrx_word' id='word_1_225' title='bbox 773 3938 877 4054; x_wconf 84' lang='lat' dir='ltr'><em>quid</em></span> <span class='ocrx_word' id='word_1_226' title='bbox 899 3938 1051 4026; x_wconf 81' lang='lat' dir='ltr'><em>viderit</em></span> <span class='ocrx_word' id='word_1_227' title='bbox 1079 3947 1266 4063; x_wconf 80' lang='lat' dir='ltr'><em>nobisque</em></span> <span class='ocrx_word' id='word_1_228' title='bbox 1295 3958 1561 4056; x_wconf 83' lang='lat' dir='ltr'><em>narraverit,</em></span> <span class='ocrx_word' id='word_1_229' title='bbox 1590 3984 1670 4038; x_wconf 77' lang='lat' dir='ltr'><em>reon</em></span> <span class='ocrx_word' id='word_1_230' title='bbox 1693 3955 2094 4066; x_wconf 63' lang='lat' dir='ltr'><em>praetermittentium</em></span> <span class='ocrx_word' id='word_1_231' title='bbox 2110 3959 2165 4040; x_wconf 82' lang='lat' dir='ltr'><em>ri-</em></span> 
     </span>
     <span class='ocr_line' id='line_1_26' title="bbox 487 4077 2166 4210; baseline 0.009 -51"><span class='ocrx_word' id='word_1_232' title='bbox 487 4077 605 4162; x_wconf 84' lang='lat' dir='ltr'><em>detur</em></span> <span class='ocrx_word' id='word_1_233' title='bbox 629 4081 886 4168; x_wconf 88' lang='lat' dir='ltr'><em>miraculum.</em></span> <span class='ocrx_word' id='word_1_234' title='bbox 911 4086 993 4200; x_wconf 84' lang='lat' dir='ltr'><em>Die</em></span> <span class='ocrx_word' id='word_1_235' title='bbox 1022 4091 1146 4206; x_wconf 56' lang='lat' dir='ltr'><em>egitur</em></span> <span class='ocrx_word' id='word_1_236' title='bbox 1172 4096 1319 4205; x_wconf 76' lang='lat' dir='ltr'><em>magni</em></span> <span class='ocrx_word' id='word_1_237' title='bbox 1344 4091 1451 4177; x_wconf 83' lang='lat' dir='ltr'><em>illius</em></span> <span class='ocrx_word' id='word_1_238' title='bbox 1479 4094 1643 4200; x_wconf 87' lang='lat' dir='ltr'><em>sabbati,</em></span> <span class='ocrx_word' id='word_1_239' title='bbox 1661 4125 1735 4209; x_wconf 80' lang='lat' dir='ltr'><em>pm</em></span> <span class='ocrx_word' id='word_1_240' title='bbox 1761 4099 1870 4210; x_wconf 75' lang='lat' dir='ltr'><em>igrm</em></span> <span class='ocrx_word' id='word_1_241' title='bbox 1888 4091 2067 4177; x_wconf 73' lang='lat' dir='ltr'><em>mirabili</em></span> <span class='ocrx_word' id='word_1_242' title='bbox 2083 4095 2166 4177; x_wconf 84' lang='lat' dir='ltr'><em>Dei</em></span> 
     </span>
     <span class='ocr_line' id='line_1_27' title="bbox 482 4225 2230 4348; baseline 0.007 -43"><span class='ocrx_word' id='word_1_243' title='bbox 482 4225 659 4330; x_wconf 82' lang='lat' dir='ltr'><em>potentia</em></span> <span class='ocrx_word' id='word_1_244' title='bbox 688 4228 862 4309; x_wconf 83' lang='lat' dir='ltr'><em>veniens</em></span> <span class='ocrx_word' id='word_1_245' title='bbox 891 4229 942 4308; x_wconf 90' lang='lat' dir='ltr'><em>ab</em></span> <span class='ocrx_word' id='word_1_246' title='bbox 970 4228 1156 4314; x_wconf 75' lang='lat' dir='ltr'><em>uniuerso</em></span> <span class='ocrx_word' id='word_1_247' title='bbox 1181 4236 1326 4346; x_wconf 86' lang='lat' dir='ltr'><em>populo</em></span> <span class='ocrx_word' id='word_1_248' title='bbox 1350 4233 1636 4348; x_wconf 80' lang='lat' dir='ltr'><em>praestolatur,</em></span> <span class='ocrx_word' id='word_1_249' title='bbox 1674 4239 1847 4320; x_wconf 86' lang='lat' dir='ltr'><em>ibicum</em></span> <span class='ocrx_word' id='word_1_250' title='bbox 1876 4239 2019 4320; x_wconf 88' lang='lat' dir='ltr'><em>ceteris</em></span> <span class='ocrx_word' id='word_1_251' title='bbox 2054 4233 2164 4340; x_wconf 84' lang='lat' dir='ltr'><em>idem</em></span> <span class='ocrx_word' id='word_1_252' title='bbox 2220 4235 2230 4254; x_wconf 72' lang='lat'><strong>⁹</strong></span> 
     </span>
     <span class='ocr_line' id='line_1_28' title="bbox 484 4357 2165 4492; baseline 0.013 -53"><span class='ocrx_word' id='word_1_253' title='bbox 484 4357 651 4471; x_wconf 85' lang='lat' dir='ltr'><em>praesul</em></span> <span class='ocrx_word' id='word_1_254' title='bbox 676 4363 844 4451; x_wconf 80' lang='lat' dir='ltr'><em>astabat.</em></span> <span class='ocrx_word' id='word_1_255' title='bbox 876 4367 1041 4484; x_wconf 85' lang='lat' dir='ltr'><em>Iamque</em></span> <span class='ocrx_word' id='word_1_256' title='bbox 1071 4368 1184 4454; x_wconf 83' lang='lat' dir='ltr'><em>die</em></span> <span class='ocrx_word' id='word_1_257' title='bbox 1166 4401 1251 4484; x_wconf 77' lang='lat' dir='ltr'><em>apso</em></span> <span class='ocrx_word' id='word_1_258' title='bbox 1280 4376 1323 4453; x_wconf 91' lang='lat' dir='ltr'><em>in</em></span> <span class='ocrx_word' id='word_1_259' title='bbox 1353 4403 1561 4487; x_wconf 76' lang='lat' dir='ltr'><em>vesperum</em></span> <span class='ocrx_word' id='word_1_260' title='bbox 1588 4394 1816 4461; x_wconf 87' lang='lat' dir='ltr'><em>transeunte</em></span> <span class='ocrx_word' id='word_1_261' title='bbox 1824 4396 2016 4492; x_wconf 87' lang='lat' dir='ltr'><em>,repente</em></span> <span class='ocrx_word' id='word_1_262' title='bbox 2038 4409 2165 4490; x_wconf 89' lang='lat' dir='ltr'><em>penes</em></span> 
     </span>
     <span class='ocr_line' id='line_1_29' title="bbox 488 4499 2166 4646; baseline 0.011 -65"><span class='ocrx_word' id='word_1_263' title='bbox 488 4499 642 4602; x_wconf 83' lang='lat' dir='ltr'><em>boram,</em></span> <span class='ocrx_word' id='word_1_264' title='bbox 673 4529 752 4614; x_wconf 76' lang='lat' dir='ltr'><em>qua</em></span> <span class='ocrx_word' id='word_1_265' title='bbox 781 4509 1065 4618; x_wconf 80' lang='lat' dir='ltr'><em>sperabatur</em></span> <span class='ocrx_word' id='word_1_266' title='bbox 1047 4543 1154 4627; x_wconf 76' lang='lat' dir='ltr'><em>ignis</em></span> <span class='ocrx_word' id='word_1_267' title='bbox 1182 4509 1412 4624; x_wconf 76' lang='lat' dir='ltr'><em>adstamus,</em></span> <span class='ocrx_word' id='word_1_268' title='bbox 1431 4547 1534 4602; x_wconf 85' lang='lat' dir='ltr'><em>unus</em></span> <span class='ocrx_word' id='word_1_269' title='bbox 1563 4549 1849 4646; x_wconf 85' lang='lat' dir='ltr'><em>saracenorum</em></span> <span class='ocrx_word' id='word_1_270' title='bbox 1866 4552 2008 4603; x_wconf 86' lang='lat' dir='ltr'><em>scurra</em></span> <span class='ocrx_word' id='word_1_271' title='bbox 2037 4525 2166 4633; x_wconf 72' lang='lat' dir='ltr'><em>impu</em></span> 
     </span>
     <span class='ocr_line' id='line_1_30' title="bbox 489 4635 2289 4775; baseline 0.013 -51"><span class='ocrx_word' id='word_1_272' title='bbox 489 4637 749 4732; x_wconf 82' lang='lat' dir='ltr'><em>clentissimus</em></span> <span class='ocrx_word' id='word_1_273' title='bbox 777 4671 834 4727; x_wconf 79' lang='lat' dir='ltr'><em>esc</em></span> <span class='ocrx_word' id='word_1_274' title='bbox 857 4648 1038 4763; x_wconf 87' lang='lat' dir='ltr'><em>plurima</em></span> <span class='ocrx_word' id='word_1_275' title='bbox 1068 4653 1228 4744; x_wconf 90' lang='lat' dir='ltr'><em>illorum</em></span> <span class='ocrx_word' id='word_1_276' title='bbox 1256 4655 1532 4766; x_wconf 85' lang='lat' dir='ltr'><em>rnultitudine,</em></span> <span class='ocrx_word' id='word_1_277' title='bbox 1562 4689 1663 4775; x_wconf 83' lang='lat' dir='ltr'><em>quae</em></span> <span class='ocrx_word' id='word_1_278' title='bbox 1692 4635 1904 4749; x_wconf 81' lang='lat' dir='ltr'><em>annuatim</em></span> <span class='ocrx_word' id='word_1_279' title='bbox 1932 4689 2026 4746; x_wconf 75' lang='lat' dir='ltr'><em>caan</em></span> <span class='ocrx_word' id='word_1_280' title='bbox 2052 4657 2169 4746; x_wconf 78' lang='lat' dir='ltr'><em>Cart</em></span> <span class='ocrx_word' id='word_1_281' title='bbox 2285 4741 2289 4748; x_wconf 88' lang='lat'>.</span> 
     </span>
    </p>
   </div>
   <div class='ocr_carea' id='block_1_2' title="bbox 485 4787 2171 5060">
    <p class='ocr_par' dir='ltr' id='par_1_6' title="bbox 485 4787 2171 5060">
     <span class='ocr_line' id='line_1_31' title="bbox 485 4787 2170 4910; baseline 0.009 -44.054"><span class='ocrx_word' id='word_1_282' title='bbox 485 4788 633 4866; x_wconf 84' lang='lat' dir='ltr'><em>stianis</em></span> <span class='ocrx_word' id='word_1_283' title='bbox 661 4816 818 4903; x_wconf 88' lang='lat' dir='ltr'><em>semper</em></span> <span class='ocrx_word' id='word_1_284' title='bbox 845 4787 988 4874; x_wconf 85' lang='lat' dir='ltr'><em>adesse</em></span> <span class='ocrx_word' id='word_1_285' title='bbox 1016 4795 1129 4901; x_wconf 90' lang='lat' dir='ltr'><em>solet,</em></span> <span class='ocrx_word' id='word_1_286' title='bbox 1159 4799 1432 4903; x_wconf 78' lang='lat' dir='ltr'><em>exclamauit,</em></span> <span class='ocrx_word' id='word_1_287' title='bbox 1460 4817 1502 4880; x_wconf 86' lang='lat' dir='ltr'><em>ut</em></span> <span class='ocrx_word' id='word_1_288' title='bbox 1535 4799 1777 4886; x_wconf 70' lang='lat' dir='ltr'><em>Christianis</em></span> <span class='ocrx_word' id='word_1_289' title='bbox 1806 4830 1892 4885; x_wconf 74' lang='lat' dir='ltr'><em>neos</em></span> <span class='ocrx_word' id='word_1_290' title='bbox 1930 4817 2007 4904; x_wconf 89' lang='lat' dir='ltr'><em>est,</em></span> <span class='ocrx_word' id='word_1_291' title='bbox 2049 4801 2170 4910; x_wconf 74' lang='lat' dir='ltr'><em>Agros</em></span> 
     </span>
     <span class='ocr_line' id='line_1_32' title="bbox 492 4919 2171 5060; baseline 0.01 -56"><span class='ocrx_word' id='word_1_292' title='bbox 492 4919 594 5012; x_wconf 69' lang='lat' dir='ltr'><em>tet-te</em></span> <span class='ocrx_word' id='word_1_293' title='bbox 622 4924 768 5014; x_wconf 88' lang='lat' dir='ltr'><em>eleison</em></span> <span class='ocrx_word' id='word_1_294' title='bbox 796 4947 834 5014; x_wconf 90' lang='lat' dir='ltr'><em>et</em></span> <span class='ocrx_word' id='word_1_295' title='bbox 863 4931 1108 5019; x_wconf 83' lang='lat' dir='ltr'><em>cavillanter</em></span> <span class='ocrx_word' id='word_1_296' title='bbox 1133 4935 1376 5020; x_wconf 80' lang='lat' dir='ltr'><em>cachinnum</em></span> <span class='ocrx_word' id='word_1_297' title='bbox 1402 4942 1533 5022; x_wconf 89' lang='lat' dir='ltr'><em>emisit</em></span> <span class='ocrx_word' id='word_1_298' title='bbox 1571 4959 1816 5060; x_wconf 77' lang='lat' dir='ltr'><em>extensaque</em></span> <span class='ocrx_word' id='word_1_299' title='bbox 1846 4971 1972 5030; x_wconf 87' lang='lat' dir='ltr'><em>manu</em></span> <span class='ocrx_word' id='word_1_300' title='bbox 2001 4939 2171 5058; x_wconf 77' lang='lat' dir='ltr'><em>erupuit</em></span> 
     </span>
    </p>
   </div>
   <div class='ocr_carea' id='block_1_3' title="bbox 0 0 2462 6628">
    <p class='ocr_par' dir='ltr' id='par_1_7' title="bbox 0 0 2462 6628">
     <span class='ocr_line' id='line_1_33' title="bbox 0 0 2462 6628; baseline 0 0"><span class='ocrx_word' id='word_1_301' title='bbox 0 0 2462 6628; x_wconf 95' lang='lat' dir='ltr'><em> </em></span> 
     </span>
    </p>
   </div>
  </div>
 </body>
</html>
