4846 6622
1057 523 1075 641 (
1111 519 1233 638 ιιι)

307 688 384 778 Hic
411 683 558 774 seilicet
584 710 721 775 noster
749 687 974 806 Episcopus
1002 693 1039 777 S
1068 693 1243 780 Severini
1281 693 1523 808 praedictam
1552 692 1646 784 Ere
1641 697 1768 782 esiam
1798 694 1983 786 sollemni

304 834 542 918 consecravit
569 835 650 914 ritu
679 861 782 918 anuo
812 833 1111 942 MCCXXIV,
1140 859 1180 920 et
1217 833 1517 952 Indulgendum
1545 837 1597 920 de
1626 863 1738 922 more
1785 845 1980 926 concessio

306 971 464 1084 Quibus
492 1003 540 1057 ex
569 968 818 1057 documentis
833 973 948 1087 plane
977 973 1103 1088 liquet
1131 976 1363 1064 Rt'sandwn
1391 1007 1462 1090 per
1491 977 1627 1068 XLV
1621 979 1674 1064 11
1691 979 1830 1064 stltem
1859 1007 1982 1066 annos

238 1217 247 1222 -
306 1118 348 1198 in
376 1112 650 1225 Melphictensi
681 1111 878 1200 Cothedra
907 1111 1053 1202 sedisse
1052 1115 1322 1250 ,apraedicto
1350 1118 1497 1205 scilicet
1513 1149 1617 1236 auno
1640 1115 1692 1204 od
1711 1118 1981 1224 MCCLXXI,

305 1286 389 1372 quo
432 1254 607 1368 denique
636 1254 717 1339 soto
745 1260 857 1340 cessit
885 1278 1074 1345 extremo.
1102 1241 1260 1348 Deinde
1288 1283 1327 1348 et
1368 1259 1474 1346 illud
1502 1264 1681 1378 sequitur
1723 1265 1889 1346 omnino
1916 1293 1997 1361 exe

304 1393 503 1510 plodenda
534 1426 614 1482 esse
642 1427 743 1511 quae
770 1397 1026 1485 Lonthordus
1053 1427 1184 1488 narret
1212 1402 1265 1488 dc
1294 1399 1472 1518 quodam
1516 1403 1709 1518 Gregorio
1756 1407 1984 1512 Leontino„

303 1568 429 1651 quem
465 1536 652 1652 Uglreilro
681 1541 863 1652 ignotum
891 1539 943 1624 eh
980 1537 1212 1628 Innocentio
1242 1541 1303 1626 111
1322 1571 1425 1626 anno
1470 1543 1703 1630 MCCLJJ.
1731 1541 1783 1628 ad
1812 1543 1984 1658 Melphi-

262 1691 268 1718 ⁴
303 1702 476 1766 ctensem
504 1677 717 1796 regendam
745 1679 965 1766 Eccles'am
993 1680 1165 1768 electum
1193 1684 1351 1804 scribit;
1378 1687 1420 1768 ui
1449 1678 1553 1766 forte
1573 1686 1670 1798 quis
1699 1689 1884 1797 suspicari
1915 1715 1982 1768 ι’·ιι

257 1918 262 1924 ,
303 1821 350 1904 lit
378 1819 476 1904 falso
504 1850 551 1904 ex
583 1847 746 1904 rumore
773 1823 923 1906 mortis
948 1819 1128 1906 Rt'sandr
1144 1823 1195 1910 ab
1213 1782 1443 1910 Innocentio
1458 1821 1698 1938 Gregorium
1724 1822 1985 2022 Melphicten-

303 1991 386 2044 sem
415 1957 668 2080 designatum
695 1958 954 2073 Episcopum.

413 2102 522 2186 Huic
549 2129 713 2218 quoque
742 2097 926 2188 meando
953 2101 1075 2188 simul
1103 2127 1143 2188 et
1172 2105 1441 2224 Melphtensi,
1468 2129 1508 2192 et
1543 2106 1750 2194 V'erussino
1769 2015 1979 2218 Episcopis

305 2242 522 2355 Gregorius
548 2237 622 2325 IX.
649 2239 881 2348 mandarit,
909 2260 956 2324 ut
986 2236 1039 2326 de
1066 2251 1265 2334 sanctitate
1295 2249 1399 2332 vitae
1426 2269 1471 2332 et.
1484 2233 1695 2332 'miraculis
1730 2247 1775 2332 B.
1799 2248 1980 2332 Beneve-

299 2379 397 2464 nuti'
413 2374 577 2464 Ordinis
604 2379 825 2489 Minorum,
853 2387 926 2498 qui
955 2389 1080 2488 vitam
1115 2388 1279 2472 Comeli
1302 2382 1355 2470 ad
1384 2381 1493 2470 diem
1531 2383 1834 2469 muttonis
1873 2385 1978 2470 clau-

299 2535 421 2619 serat,
448 2513 660 2634 diligenter
686 2523 942 2636 inquirerent.
967 2521 1224 2612 Pontificium
1241 2528 1314 2614 hac
1329 2525 1382 2613 de
1419 2556 1461 2612 re
1489 2525 1618 2614 Breve
1646 2532 1781 2614 recitat
1809 2523 1979 2610 Wadin·
2044 2609 2047 2616 .

298 2685 394 2774 gua,
422 2679 461 2743 et
488 2687 537 2743 ex
565 2690 614 2745 eo
641 2659 897 2754 Bollandiani.
916 2665 974 2754 Hi
1003 2669 1079 2752 viri
1106 2665 1327 2754 doctissimi
1347 2670 1578 2758 Risandwn
1597 2668 1753 2784 (quem
1768 2671 1976 2754 communi

298 2829 347 2883 ex
376 2828 511 2906 crpore
539 2801 790 2890 mearum
819 2813 1025 2895 nominant
1053 2811 1071 2928 )
1098 2811 1260 2898 fortasse
1288 2811 1419 2916 fuisse,
1448 2815 1513 2898 oui
1541 2807 1684 2892 datum
1713 2803 1976 2912 mandatum,

296 2949 481 3059 suspicati
500 2967 612 3050 sunta
644 2948 701 3032 sio
714 2951 823 3033 enim'
852 2955 1088 3064 scripserunt
1108 2983 1152 3048 :t
1169 2989 1189 3032 ιι
1221 2953 1316 3037 Post
1345 2951 1534 3036 Ioannem
1555 2945 1777 3035 indicatum
1806 2975 1880 3060 pro
1907 2975 1977 3054 auf

300 3119 320 3162 ι
352 3115 406 3170 no
434 3085 500 3174 M
496 3085 708 3178 CLXXV
700 3087 811 3204 Ill(
839 3094 1064 3177 Accarziuts
1092 3099 1232 3210 utique
1258 3093 1338 3180 illis
1359 3067 1533 3209 'ignotus
1561 3090 1638 3176 fuit
1666 3087 1684 3204 )
1711 3089 1819 3178 baud
1849 3086 1975 3200 dubie

299 3263 323 3308 ι
353 3227 540 3316 sederunt
567 3233 693 3350 ignoti
721 3229 836 3316 nobis
862 3231 996 3346 plures
1024 3231 1362 3320 snteRiomrdum
1391 3236 1543 3350 integro
1567 3259 1670 3344 poue
1697 3228 1853 3314 saeculo
1884 3247 1974 3342 post

298 3409 317 3452 ι
353 3378 574 3479 defuncto,
602 3377 675 3487 qui
705 3393 839 3458 tamen
868 3372 962 3458 huic
989 3377 1160 3460 examini
1188 3377 1321 3488 potuit
1354 3369 1509 3460 dedisse
1543 3401 1737 3486 operam,
1791 3374 1824 3456 si
1867 3371 1973 3474 ultra

298 3550 320 3596 ι
353 3519 407 3602 3ο
434 3543 558 3603 annos
584 3514 805 3601 Ecclesiam
833 3516 951 3601 istam
980 3518 1081 3600 rexit
1108 3531 1149 3607 t:
1179 3548 1200 3592 ι
1232 3511 1385 3598 Verum
1414 3542 1495 3600 nou
1524 3543 1596 3628 per
1626 3511 1679 3596 30
1704 3534 1871 3618 tantum,
1900 3511 1971 3597 sed

292 3635 341 3742 ιιι
360 3673 432 3772 'per
460 3655 697 3772 dpsrltem'
715 3657 991 3770 Melphiotensi
1029 3663 1072 3744 in
1102 3653 1300 3744 Cathedra
1328 3652 1498 3759 sedisse,
1537 3683 1655 3768 supra
1699 3654 1972 3768 probavimus.

19 3783 33 3870 ἓ·
104 3798 144 3899 ἶ,
291 3799 358 3892 Ex
386 3799 466 3884 isac
491 3797 655 3885 Risaudi
685 3801 873 3885 missione
899 3801 1062 3890 sortasse
1089 3801 1266 3890 derivato
1294 3801 1371 3891 fuit
1421 3796 1769 3912 Melphictensium
1794 3821 1890 3912 ‘erga
1922 3792 1968 3880 B.

289 3937 592 4026 Benevenumm
620 3935 803 4044 devotio,
831 3971 924 4026 corn
953 3971 1001 4028 ex
1022 3925 1202 4031 =Antonii
1233 3941 1436 4032 Caracioii
1461 3936 1882 4034 schedisBollandiani
1910 3967 1970 4024 ru.-

290 4077 437 4184 ierant,
464 4075 563 4164 dues
591 4077 894 4192 Melpbictenses
923 4081 1110 4171 mulieres
1138 4087 1264 4170 Atam
1292 4085 1452 4172 nomine
1479 4109 1623 4186 unam,
1654 4077 1885 4164 Amelinam
1913 4077 1970 4195 alj-

292 4241 419 4324 teram
445 4244 658 4340 utramque
685 4219 738 4308 de
766 4222 936 4338 Meifica
964 4225 1082 4344 (sic)
1113 4256 1188 4340 ope
1216 4223 1261 4308 B.
1289 4243 1447 4308 sanatas
1477 4219 1585 4307 Huic
1614 4218 1792 4335 denique
1819 4219 1968 4304 lusan·

295 4358 578 4450 denodavit
610 4361 827 4480 Gregorius
856 4365 929 4453 IX.
953 4385 1000 4450 ut
1020 4398 1096 4454 una
1126 4395 1219 4452 cum
1239 4363 1420 4449 Rubensi
1442 4361 1643 4477 Episcopo
1672 4379 1788 4444 testes
1813 4359 1970 4442 exami·
2046 4479 2051 4488 .

299 4528 435 4594 nerent
461 4523 597 4590 contra
623 4503 940 4592 acheruntinum
955 4507 1306 4624 Archiepisoopum
1327 4502 1377 4588 de
1393 4503 1575 4610 Simonis
1604 4499 1911 4600 conclamantum
1923 4517 1968 4580 ut
2017 4493 2018 4498 ‘

293 4671 340 4725 ex
369 4645 482 4732 Deor.
508 4643 576 4744 De
599 4623 814 4752 Testihus,
841 4669 881 4732 et
908 4648 1160 4736 Testimoniis
1190 4647 1284 4762 Cap.
1302 4645 1356 4732 53
1387 4645 1569 4758 habetur,
1598 4647 1782 4760 quamvis
1810 4642 1967 4728 Lucen-
2093 4631 2099 4640 ’

168 4854 173 4862 .
287 4785 365 4864 trias
392 4785 529 4898 ignoto
554 4809 688 4876 nostro
714 4787 918 4903 Episcopo
946 4786 991 4874 id
1019 4787 1254 4876 mandatum
1282 4791 1488 4902 scripserit

401 4923 542 5016 Petito
570 4953 636 5038 st,
664 4951 710 5018 ut
737 4929 917 5036 ridetur,
944 4927 1053 5016 ille·
1042 4961 1124 5047 ipse
1153 4936 1225 5052 qui
1259 4933 1486 5018 antecessori
1514 4959 1588 5016 suo
1619 4923 1863 5042 epitaphium
1893 4885 1966 5036 po·
