4870 6630
603 719 762 807 Tertius
801 739 859 806 est
892 721 1004 810 Ordo
1039 719 1306 832 ponderandi
1346 721 1572 814 masculam
1598 721 1671 810 vel
1700 719 1920 835 femimm
1959 756 2008 812 ex
2037 729 2181 820 eodem

491 865 690 953 Ecclesiae
717 863 958 964 Rnhastinae
986 865 1144 950 missali.
1174 867 1236 951 Ea
1265 863 1366 948 olim
1395 863 1484 970 suit,
1512 861 1622 978 apud
1651 885 1839 950 nostrates
1868 869 2002 974 etiam,
2018 897 2178 960 oonsue·

491 1006 613 1112 tud0,
650 1026 700 1091 ut
726 1005 884 1092 salvum
911 1037 935 1090 a
964 1035 1221 1122 quacumque
1249 1001 1481 1092 infirmitate
1517 1037 1703 1121 puerum,
1731 1007 1797 1092 vel
1834 1007 2013 1120 puellam
2040 1043 2063 1097 a
2091 1013 2181 1100 Deo

490 1153 622 1236 Sancti
658 1148 823 1234 alicuius
852 1153 1127 1235 intercessione
1155 1169 1334 1262 peterent
1362 1146 1438 1234 hoc
1467 1148 1666 1265 religionis
1695 1179 1826 1238 caussa
1864 1169 1959 1236 voto
1993 1151 2176 1262 adiecto,

492 1316 540 1380 ut
569 1292 621 1379 ad
649 1294 763 1406 pueri
792 1290 1001 1405 puellasve
1030 1287 1190 1405 pondus
1218 1310 1371 1374 exactas
1400 1289 1551 1406 aliquas
1580 1313 1812 1406 res,utpote
1831 1273 1974 1404 ceram,
1990 1299 2179 1404 triticum,

492 1459 566 1522 etc.
598 1436 741 1522 Sancto
771 1435 830 1520 illi
860 1434 1057 1519 offerrent.
1067 1431 1227 1520 Nullibi
1255 1428 1455 1517 Ordinem
1483 1432 1716 1519 huiusmodi
1744 1433 1873 1550 legere
1891 1437 2004 1522 nobis
2028 1435 2180 1544 datum,

492 1582 678 1697 quamvis
707 1575 874 1664 eruditis
903 1578 1000 1660 viris
1028 1605 1090 1661 res
1118 1578 1203 1688 ipsa
1231 1578 1324 1658 satis
1354 1576 1508 1688 cognita
1536 1576 1600 1657 sit·
1632 1575 1744 1660 Eum
1772 1581 1989 1690 propterea
2012 1576 2180 1686 edimus,

494 1741 536 1805 et
566 1719 766 1838 quaedam
794 1718 856 1804 illi
893 1723 973 1801 ima
1004 1721 1045 1799 in
1074 1719 1215 1832 pagina
1244 1712 1501 1828 adiungimus
1538 1712 1591 1799 ad
1619 1713 1724 1800 illud
1761 1717 2058 1831 aliquantulum
2095 1719 2184 1806 illu-

495 1863 714 1951 strandum.

611 2007 797 2119 Denique
827 2034 875 2087 ex
904 2001 997 2085 Mss.
1028 1999 1233 2084 Breviario
1261 1998 1542 2116 Melphictensi
1572 2015 1614 2078 :t
1656 2001 1853 2090 Ordinem
1887 2004 1948 2124 ad
1971 2005 2185 2118 suscipien-

498 2149 597 2232 dum
624 2146 839 2230 nurlierem
854 2160 944 2257 post
954 2157 1122 2254 partum
1151 2138 1433 2262 adiungimus,
1448 2141 1572 2258 idque
1600 2173 1648 2227 eo
1667 2142 1855 2230 libentius
1873 2146 2049 2252 facimus,
2068 2145 2182 2262 quod

495 2296 595 2374 ritus
623 2290 688 2372 hic
717 2290 920 2399 piissimus
949 2288 992 2368 in
1027 2280 1339 2371 desuetudinem
1380 2317 1480 2399 pene
1508 2285 1619 2400 apud
1661 2317 1733 2373 nos
1769 2288 1915 2373 abierit
1943 2286 2178 2374 Dolendum

495 2461 586 2518 sane
612 2449 672 2515 est
699 2432 927 2542 impiorum
957 2428 1170 2513 hominum
1202 2430 1490 2543 conspiratione
1517 2426 1691 2532 factum,
1711 2450 1757 2512 ut
1784 2431 2173 2542 matrimoniaaeque

499 2604 543 2658 ac
572 2573 801 2674 nativitates,
830 2569 1045 2654 hominum
1073 2568 1222 2656 scilicet
1251 2572 1383 2673 initia,
1413 2572 1527 2682 quasi
1554 2598 1616 2654 res
1644 2571 1811 2653 omnino
1839 2571 2025 2684 profanae
2043 2596 2178 2676 essent,

506 2747 589 2800 non
615 2743 711 2800 vero
740 2733 897 2801 sanctae
910 2749 924 2818 ,·
950 2733 990 2798 et
1017 2711 1203 2823 precibus
1232 2711 1560 2825 orationibusque
1578 2709 1886 2812 sanctificandae.
1905 2713 2053 2802 Omnia
2067 2749 2184 2832 quae

498 2887 673 2972 cumque
701 2856 831 2943 facitis
860 2858 902 2940 in
930 2854 1083 2959 verbo,
1112 2873 1180 2936 aut
1209 2854 1251 2937 in
1280 2879 1420 2966 opere,
1457 2855 1591 2936 omnia
1628 2856 1671 2938 in
1709 2861 1869 2941 nomine
1897 2858 2064 2944 Domini
2092 2858 2182 2944 Iesu

499 2994 669 3105 Christi,
687 2993 829 3118 gratias
858 3015 1015 3115 agentes
1044 2999 1165 3106 Deo,
1194 3018 1235 3081 et
1262 2991 1370 3079 Patri
1399 3025 1469 3108 per
1508 3001 1661 3110 ipsum,
1688 3001 1743 3082 ait
1770 2997 1986 3112 Apostolus
2013 2996 2177 3113 (Coloe

509 3139 573 3225 ΙΙΙ
609 3141 720 3257 17),
749 3144 823 3254 qui
851 3135 992 3224 eadem
1015 3167 1118 3251 pene
1147 3141 1291 3250 repetit
1329 3134 1382 3221 ad
1420 3138 1564 3254 Ephes
1602 3140 1719 3257 (cap.
1749 3141 1787 3223 V
1819 3171 1870 3226 20
1888 3141 1936 3258 );
1972 3164 2013 3227 et
2047 3143 2178 3228 obser-

489 3281 680 3377 uandum
708 3287 882 3369 maxime
910 3285 1088 3389 est,loeo
1117 3302 1291 3396 utroque
1321 3285 1415 3369 haec
1430 3284 1627 3394 scripsisse
1644 3278 1825 3368 videatur
1840 3281 2053 3396 Apostolus
2068 3288 2179 3397 quasi

488 3424 776 3538 anteloquium
804 3423 858 3508 ad
886 3428 993 3528 viri,
1023 3447 1063 3509 et
1092 3422 1270 3507 mulieris
1300 3443 1440 3508 mutua
1470 3421 1630 3525 officia,
1658 3453 1761 3536 quae
1789 3419 1936 3508 deinde
1983 3421 2177 3508 describit.

500 3562 690 3648 Ceterum
720 3570 793 3679 qui
821 3564 873 3648 de
903 3567 980 3652 hoc
1008 3569 1088 3649 ritu
1117 3566 1233 3678 plura
1263 3567 1360 3648 scire
1391 3567 1544 3675 cupiet,
1573 3567 1605 3647 is
1634 3562 1811 3651 consulat
1839 3565 1928 3653 clar.
1958 3563 2177 3678 losephum

487 3704 736 3793 -Grtalanum
769 3704 993 3792 Commeat.
1014 3681 1055 3792 in
1083 3704 1239 3790 Rituale
1268 3703 1381 3816 Rom.
