4870 6630
1286 500 1388 624 (62
1419 505 1437 621 l

527 691 664 776 minus
693 685 803 770 Iesus
832 667 1011 770 Christus
1042 672 1150 791 apud
1179 696 1218 760 te
1245 675 1297 758 sit
1324 692 1372 755 ut
1401 692 1441 757 te
1481 667 1668 756 defendat
1696 683 1739 746 :a
1773 664 1874 752 alia:
1913 666 2126 756 Benedicat
2168 694 2203 757 te

522 829 625 915 deus
650 819 725 912 celi
754 846 824 910 etc.
843 821 949 909 alia:
980 811 1197 904 Benedicat
1216 834 1257 897 te
1284 832 1394 926 pater
1421 832 1531 917 sanet
1559 831 1599 895 tc
1627 807 1736 897 filius
1766 811 2199 922 illuminetto'spiritus

509 959 735 1061 sanctusssr
762 965 865 1051 olio:
895 955 1103 1048 Benedicat
1133 978 1172 1041 to
1200 951 1387 1040 domiuus
1407 959 1517 1066 patet·
1534 972 1608 1038 etc.
1637 950 1934 1040 oliozsanet'te
1963 946 2062 1035 dens
2086 963 2194 1063 p'ater

520 1112 592 1226 qui
622 1128 660 1194 te
688 1106 845 1196 creavit.
1065 1095 1069 1104 ’

675 1241 706 1254 ”
1071 1233 1215 1350 ΙΓΓΓίρΓΤ
1243 1237 1374 1320 unctio
1402 1230 1662 1347 irfirmorum.

634 1530 745 1626 Deus
774 1545 905 1616 noster
933 1527 1005 1644 qni
1032 1514 1272 1636 Apostolum
1300 1543 1421 1610 tuum
1448 1517 1639 1607 Iacobum
1661 1539 1730 1604 otc.

982 1807 1075 1904 Post
1100 1805 1308 1898 ,collectam
1335 1821 1511 1917 ungatur
1536 1807 1577 1886 ΓΤΓ
1597 1829 1728 1886 notus.
1795 1787 1796 1791 Β

634 2093 708 2184 'Ad
732 2090 896 2183 oculos:
926 2090 1002 2174 Per
1030 2096 1147 2175 istam
1175 2108 1350 2174 sanctam
1379 2088 1610 2169 unctionem
1638 2104 1679 2166 et
1705 2109 1821 2166 suam
1860 2085 2075 2194 piissimam
2115 2090 2190 2170 mi·
2263 2063 2268 2072 ’

504 2236 772 2326 secumdum
805 2235 1008 2351 indulgeat
1035 2231 1109 2317 tibi
1138 2229 1236 2314 deus
1265 2223 1469 2343 quidquid
1498 2230 1664 2338 peccasti
1693 2239 1763 2337 per
1792 2225 1943 2306 visum:
1973 2221 2046 2307 Ad
2060 2257 2190 2308 aures:

520 2413 592 2497 per
621 2379 836 2466 auditum:
865 2376 935 2469 Ad
968 2400 1114 2462 nores·
1153 2401 1225 2484 per
1251 2370 1491 2457 odoratum·
1544 2363 1617 2454 Ad
1653 2385 1840 2482 gtutuot'
1887 2398 1958 2481 per
2000 2383 2189 2479 gustum·

516 2521 785 2610 Aristaenus.
815 2549 886 2633 per
913 2537 1092 2602 tactum:
1124 2512 1196 2600 Ad
1215 2511 1370 2625 pedes·
1400 2529 1473 2620 per
1508 2536 1717 2624 gressum:
1749 2493 1820 2597 Al
1845 2508 2084 2594 umbilicum:
2113 2507 2190 2588 Pei·

516 2661 700 2747 ardorem
730 2657 928 2746 libidinis:
978 2655 1027 2752 In
1064 2658 1225 2748 nomine
1254 2656 1395 2766 patris,
1424 2669 1464 2739 et
1501 2651 1576 2740 filii
1612 2673 1651 2737 et
1678 2656 1839 2766 spiritus
1886 2654 2017 2758 sancti.
2050 2624 2188 2734 Amen

516 2801 576 2886 Sit
604 2800 677 2886 tibi
705 2800 777 2885 hec
804 2799 885 2885 olei
913 2799 1049 2883 unctio
1077 2791 1129 2879 ad
1158 2790 1476 2906 purificationem
1504 2798 1647 2880 utentis
1675 2815 1715 2879 et
1743 2800 1916 2908 corporis
1950 2817 1991 2881 et
2021 2789 2073 2874 ad
2102 2819 2188 2876 mu·

515 2947 651 3050 niman
676 2961 813 3036 contra
841 2939 967 3030 iacula
985 2937 1293 3024 immundorum
1312 2937 1540 3049 spirituum.
1557 2931 1660 3024 Psat
1670 2934 1843 3021 Domine
1871 2937 2037 3022 clamavi
2056 2935 2105 3020 ad
2126 2958 2188 3019 te:

516 3079 680 3170 Deiloclo
690 3078 836 3193 saciat
865 3083 905 3170 ei
931 3079 1127 3176 Sacerdos
1152 3107 1316 3170 crucem
1344 3073 1517 3162 adorare
1553 3093 1594 3164 et
1627 3075 1802 3162 osculari
1837 3075 2016 3164 dicendo.
2046 3075 2184 3162 Credis

515 3229 557 3318 in
588 3224 723 3310 Deum
753 3245 906 3337 patrem
935 3227 1250 3336 omnipotentem
1277 3239 1380 3306 ettc
1400 3215 1533 3325 ΤΓΓΓΓΓ
1548 3219 1732 3306 absolvat
1753 3251 1864 3304 erim:
1884 3221 2058 3304 Domine
2078 3219 2188 3302 Deus

514 3362 708 3448 Salvator
720 3384 852 3452 noster
878 3383 950 3448 etc
980 3363 1076 3460 Alto
1108 3365 1260 3450 Oratio
1289 3361 1400 3444 Deus
1428 3362 1501 3472 qui
1529 3389 1600 3474 per
1629 3357 1838 3474 Apostolos
1868 3379 1981 3444 tuus:
2015 3352 2184 3446 Benedi-

512 3504 1124 3614 otiosupercum.Per1stam
1151 3507 1379 3594 unctionem
1407 3499 1485 3587 olei
1543 3564 1552 3585 .
1618 3527 1653 3586 .·
1695 3563 1703 3590 .
1761 3565 1770 3584 .
1962 3563 1971 3584 .
2028 3563 2038 3582 .
2054 3489 2233 3710 ...Γ
2266 3599 2276 3610 ,

534 3665 540 3673 ·
626 3643 683 3730 ΕΓ
709 3645 753 3730 lii
777 3667 873 3731 sunt
919 3641 1088 3746 Ordines
1126 3617 1225 3734 ddi)
1226 3645 1290 3748 ad
1320 3638 1591 3746 visitandum,
1629 3662 1670 3726 et
1713 3640 1958 3763 ungendum,
1998 3639 2186 3732 infirmos.

509 3789 700 3899 ‚Superest
728 3805 775 3878 ut
803 3788 993 3903 promissa
1021 3785 1203 3874 facientes
1230 3739 1400 3900 aditos
1429 3782 1582 3899 aliquot
1607 3782 1672 3869 hic
1691 3767 1960 3872 adnotationes
1975 3786 2178 3873 addamus

504 3926 704 4034 Quamvis
720 3957 814 4024 vero
835 3929 964 4043 prima
978 3927 1161 4018 videatur
1180 3927 1308 4015 fronte
1322 3909 1493 4048 alierum
1509 3927 1560 4012 ab
1578 3921 1703 4010 altero
1723 3923 1891 4032 differre,
1907 3927 2017 4045 quod
2029 3933 2181 4044 primus

512 4059 811 4154 adunationem
832 4062 1088 4174 infirmorum
1117 4065 1376 4154 Sacerdotum
1405 4050 1694 4177 Cinpnicoium
1710 4073 1869 4185 proprie
1883 4071 2187 4184 pertineat,alter

514 4233 611 4292 vero
639 4207 692 4296 ad
717 4212 904 4306 ¹omnium
933 4213 1159 4340 promiscue
1189 4203 1402 4314 fidelium,
1431 4194 1526 4294 cuni
1555 4213 1596 4298 in
1626 4213 1761 4323 primo
1788 4207 1972 4318 dicatur,
2001 4209 2113 4326 quod
2134 4213 2187 4298 ¹iu

513 4351 698 4448 manibus
725 4355 861 4440 unctio
885 4355 1060 4464 ¹euterius
1088 4349 1266 4451 facienda
1294 4355 1355 4458 sit,
1384 4370 1431 4434 ut
1461 4350 1503 4434 in
1530 4349 1805 4440 Sacerdotibus
1833 4349 1919 4440 steri
1947 4351 2114 4458 assolet,
2144 4343 2186 4438 in

515 4490 690 4599 secundo
718 4523 812 4580 vero
842 4493 952 4595 nulla
980 4495 1099 4579 huius
1127 4494 1227 4581 ritus
1255 4493 1408 4578 mentio
1435 4487 1513 4578 fiat:
1534 4494 1642 4580 haud
1661 4517 1795 4584 tamon
1818 4499 2013 4582 intimitus
2028 4517 2184 4616 utnum-

513 4662 595 4747 que
624 4631 883 4720 consideranti
912 4633 1094 4736 ordinem
1110 4635 1307 4722 sufficiens
1335 4633 1512 4723 adducta
1529 4636 1762 4724 diversitatis
1787 4640 1884 4722 ratio
1905 4636 2022 4751 plene
2041 4635 2177 4743 suade·

516 4775 634 4859 bitur.
663 4774 778 4879 Ritus
803 4778 914 4872 enim
943 4779 985 4874 in
1012 4773 1184 4892 utroque
1214 4774 1406 4883 diversus,
1436 4777 1613 4864 diversae
1641 4809 1775 4891 preces
1789 4798 1842 4862 .et
1869 4781 2087 4880 orationes,
2109 4805 2179 4859 un-

519 4915 666 5000 ctiones
693 4943 861 5032 quoque
889 4912 1067 5004 diversae
1094 4936 1135 5002 et
1163 4922 1337 5004 maxime
1365 4947 1459 5005 cum
1497 4923 1540 5004 in
1577 4923 1709 5029 primo
1746 4857 1904 5006 unitio*
1917 4938 2090 5004 extrema
2118 4939 2181 4993 co-
