<?xml version="1.0" encoding="UTF-8"?>
<!DOCTYPE html PUBLIC "-//W3C//DTD XHTML 1.0 Transitional//EN"
    "http://www.w3.org/TR/xhtml1/DTD/xhtml1-transitional.dtd">
<html xmlns="http://www.w3.org/1999/xhtml" xml:lang="en" lang="en">
 <head>
  <title>
</title>
<meta http-equiv="Content-Type" content="text/html;charset=utf-8" />
  <meta name='ocr-system' content='tesseract 3.04.00' />
  <meta name='ocr-capabilities' content='ocr_page ocr_carea ocr_par ocr_line ocrx_word'/>
</head>
<body>
  <div class='ocr_page' id='page_1' title='image "./kalendariaveter00giovgoog_0121.png"; bbox 0 0 4884 6692; ppageno 0'>
   <div class='ocr_carea' id='block_1_1' title="bbox 1259 537 1489 660">
    <p class='ocr_par' dir='ltr' id='par_1_1' title="bbox 1259 537 1489 660">
     <span class='ocr_line' id='line_1_1' title="bbox 1259 537 1489 660; baseline 0.004 -32"><span class='ocrx_word' id='word_1_1' title='bbox 1259 539 1278 660; x_wconf 83' lang='grc'>(</span> <span class='ocrx_word' id='word_1_2' title='bbox 1304 537 1442 638; x_wconf 86' lang='lat' dir='ltr'>cvtu</span> <span class='ocrx_word' id='word_1_3' title='bbox 1469 537 1489 658; x_wconf 68' lang='lat' dir='ltr'>t</span> 
     </span>
    </p>
   </div>
   <div class='ocr_carea' id='block_1_2' title="bbox 535 691 2217 941">
    <p class='ocr_par' dir='ltr' id='par_1_2' title="bbox 535 691 2217 941">
     <span class='ocr_line' id='line_1_2' title="bbox 535 691 2217 831; baseline 0 -27"><span class='ocrx_word' id='word_1_4' title='bbox 535 705 705 804; x_wconf 73' lang='lat' dir='ltr'>babetti&#39;t·</span> <span class='ocrx_word' id='word_1_5' title='bbox 732 691 889 800; x_wconf 72' lang='lat' dir='ltr'>&#39;ccam</span> <span class='ocrx_word' id='word_1_6' title='bbox 919 709 1013 820; x_wconf 86' lang='lat' dir='ltr'>Dei,</span> <span class='ocrx_word' id='word_1_7' title='bbox 1041 709 1085 798; x_wconf 88' lang='lat' dir='ltr'>id</span> <span class='ocrx_word' id='word_1_8' title='bbox 1121 705 1235 829; x_wconf 90' lang='lat' dir='ltr'>quod</span> <span class='ocrx_word' id='word_1_9' title='bbox 1281 711 1448 799; x_wconf 88' lang='lat' dir='ltr'>illorum</span> <span class='ocrx_word' id='word_1_10' title='bbox 1494 729 1723 825; x_wconf 87' lang='lat' dir='ltr'>temporum</span> <span class='ocrx_word' id='word_1_11' title='bbox 1769 713 2093 831; x_wconf 76' lang='lat' dir='ltr'><strong>orthographiam</strong></span> <span class='ocrx_word' id='word_1_12' title='bbox 2120 721 2217 806; x_wconf 86' lang='lat' dir='ltr'>satis</span> 
     </span>
     <span class='ocr_line' id='line_1_3' title="bbox 537 853 910 941; baseline -0.011 -1"><span class='ocrx_word' id='word_1_13' title='bbox 537 853 711 941; x_wconf 91' lang='lat' dir='ltr'>indicare</span> <span class='ocrx_word' id='word_1_14' title='bbox 740 853 910 940; x_wconf 84' lang='lat' dir='ltr'>videtur.</span> 
     </span>
    </p>
   </div>
   <div class='ocr_carea' id='block_1_3' title="bbox 650 977 2364 1112">
    <p class='ocr_par' dir='ltr' id='par_1_3' title="bbox 650 977 2364 1112">
     <span class='ocr_line' id='line_1_4' title="bbox 650 977 2364 1112; baseline 0.001 -31"><span class='ocrx_word' id='word_1_15' title='bbox 650 997 729 1081; x_wconf 90' lang='lat' dir='ltr'>Die</span> <span class='ocrx_word' id='word_1_16' title='bbox 756 994 890 1080; x_wconf 84' lang='lat' dir='ltr'>XVII.</span> <span class='ocrx_word' id='word_1_17' title='bbox 918 993 1035 1080; x_wconf 81' lang='lat' dir='ltr'>Mart</span> <span class='ocrx_word' id='word_1_18' title='bbox 1050 1024 1145 1082; x_wconf 91' lang='lat' dir='ltr'>cum</span> <span class='ocrx_word' id='word_1_19' title='bbox 1161 999 1206 1082; x_wconf 89' lang='lat' dir='ltr'>in</span> <span class='ocrx_word' id='word_1_20' title='bbox 1223 993 1436 1082; x_wconf 90' lang='lat' dir='ltr'>Tutiniano</span> <span class='ocrx_word' id='word_1_21' title='bbox 1454 995 1608 1112; x_wconf 89' lang='lat' dir='ltr'>legatur</span> <span class='ocrx_word' id='word_1_22' title='bbox 1628 995 1664 1082; x_wconf 81' lang='lat' dir='ltr'><em>S</em></span> <span class='ocrx_word' id='word_1_23' title='bbox 1683 993 1865 1100; x_wconf 75' lang='lat' dir='ltr'>Patiar-ii</span> <span class='ocrx_word' id='word_1_24' title='bbox 1880 999 2070 1110; x_wconf 82' lang='lat' dir='ltr'><em>Episcopi</em></span> <span class='ocrx_word' id='word_1_25' title='bbox 2094 999 2215 1108; x_wconf 76' lang='lat' dir='ltr'>Confi</span> <span class='ocrx_word' id='word_1_26' title='bbox 2357 977 2364 996; x_wconf 60' lang='lat'><em>⁶</em></span> 
     </span>
    </p>
   </div>
   <div class='ocr_carea' id='block_1_4' title="bbox 402 1135 2212 4630">
    <p class='ocr_par' dir='ltr' id='par_1_4' title="bbox 529 1135 2212 1682">
     <span class='ocr_line' id='line_1_5' title="bbox 534 1135 2212 1254; baseline 0.001 -29"><span class='ocrx_word' id='word_1_27' title='bbox 534 1141 682 1225; x_wconf 76' lang='lat' dir='ltr'>illustri</span> <span class='ocrx_word' id='word_1_28' title='bbox 710 1137 914 1222; x_wconf 85' lang='lat' dir='ltr'>Mazochio</span> <span class='ocrx_word' id='word_1_29' title='bbox 937 1142 1179 1224; x_wconf 72' lang='lat' dir='ltr'><strong>occasionem</strong></span> <span class='ocrx_word' id='word_1_30' title='bbox 1208 1136 1320 1224; x_wconf 89' lang='lat' dir='ltr'><strong>dedit</strong></span> <span class='ocrx_word' id='word_1_31' title='bbox 1347 1135 1544 1254; x_wconf 88' lang='lat' dir='ltr'>cogitandi</span> <span class='ocrx_word' id='word_1_32' title='bbox 1573 1135 1625 1222; x_wconf 89' lang='lat' dir='ltr'>de</span> <span class='ocrx_word' id='word_1_33' title='bbox 1654 1137 1690 1224; x_wconf 80' lang='lat' dir='ltr'><em>S</em></span> <span class='ocrx_word' id='word_1_34' title='bbox 1732 1138 1889 1223; x_wconf 84' lang='lat' dir='ltr'>Pateria</span> <span class='ocrx_word' id='word_1_35' title='bbox 1919 1137 2129 1222; x_wconf 79' lang='lat' dir='ltr'>Brisiensi</span> <span class='ocrx_word' id='word_1_36' title='bbox 2156 1141 2212 1226; x_wconf 77' lang='lat' dir='ltr'>E-</span> 
     </span>
     <span class='ocr_line' id='line_1_6' title="bbox 529 1273 2201 1396; baseline -0.001 -30"><span class='ocrx_word' id='word_1_37' title='bbox 529 1287 702 1396; x_wconf 87' lang='lat' dir='ltr'>piscopo,</span> <span class='ocrx_word' id='word_1_38' title='bbox 729 1283 855 1366; x_wconf 89' lang='lat' dir='ltr'>cuius·</span> <span class='ocrx_word' id='word_1_39' title='bbox 871 1285 1020 1366; x_wconf 87' lang='lat' dir='ltr'>mentio</span> <span class='ocrx_word' id='word_1_40' title='bbox 1047 1285 1090 1366; x_wconf 93' lang='lat' dir='ltr'>in</span> <span class='ocrx_word' id='word_1_41' title='bbox 1118 1281 1298 1366; x_wconf 87' lang='lat' dir='ltr'>Romano</span> <span class='ocrx_word' id='word_1_42' title='bbox 1326 1279 1613 1396; x_wconf 86' lang='lat' dir='ltr'>Martyrologic</span> <span class='ocrx_word' id='word_1_43' title='bbox 1631 1275 1698 1362; x_wconf 92' lang='lat' dir='ltr'>die</span> <span class='ocrx_word' id='word_1_44' title='bbox 1716 1273 1828 1360; x_wconf 88' lang='lat' dir='ltr'>XXI.</span> <span class='ocrx_word' id='word_1_45' title='bbox 1860 1273 2064 1363; x_wconf 81' lang='lat' dir='ltr'>Februarii</span> <span class='ocrx_word' id='word_1_46' title='bbox 2086 1277 2201 1365; x_wconf 91' lang='lat' dir='ltr'>habe-</span> 
     </span>
     <span class='ocr_line' id='line_1_7' title="bbox 533 1419 2210 1539; baseline -0.001 -32"><span class='ocrx_word' id='word_1_47' title='bbox 533 1443 611 1508; x_wconf 88' lang='lat' dir='ltr'>tur.</span> <span class='ocrx_word' id='word_1_48' title='bbox 640 1425 690 1510; x_wconf 93' lang='lat' dir='ltr'>ln</span> <span class='ocrx_word' id='word_1_49' title='bbox 718 1444 851 1508; x_wconf 76' lang='lat' dir='ltr'>nosne</span> <span class='ocrx_word' id='word_1_50' title='bbox 878 1453 974 1507; x_wconf 86' lang='lat' dir='ltr'>vero</span> <span class='ocrx_word' id='word_1_51' title='bbox 1001 1453 1125 1538; x_wconf 89' lang='lat' dir='ltr'>quarn</span> <span class='ocrx_word' id='word_1_52' title='bbox 1172 1421 1376 1508; x_wconf 86' lang='lat' dir='ltr'>manifeste</span> <span class='ocrx_word' id='word_1_53' title='bbox 1412 1421 1558 1539; x_wconf 84' lang='lat' dir='ltr'>legitur</span> <span class='ocrx_word' id='word_1_54' title='bbox 1587 1423 1754 1506; x_wconf 84' lang='lat' dir='ltr'>Patricii</span> <span class='ocrx_word' id='word_1_55' title='bbox 1781 1421 1870 1535; x_wconf 84' lang='lat' dir='ltr'>Epi.</span> <span class='ocrx_word' id='word_1_56' title='bbox 1913 1419 2029 1534; x_wconf 63' lang='lat' dir='ltr'>Confi</span> <span class='ocrx_word' id='word_1_57' title='bbox 2057 1423 2210 1508; x_wconf 89' lang='lat' dir='ltr'>Nullus-</span> 
     </span>
     <span class='ocr_line' id='line_1_8' title="bbox 534 1560 2197 1682; baseline -0.002 -34"><span class='ocrx_word' id='word_1_58' title='bbox 534 1594 629 1680; x_wconf 88' lang='lat' dir='ltr'>ergo</span> <span class='ocrx_word' id='word_1_59' title='bbox 656 1563 768 1648; x_wconf 89' lang='lat' dir='ltr'>locus</span> <span class='ocrx_word' id='word_1_60' title='bbox 796 1560 1007 1680; x_wconf 77' lang='lat' dir='ltr'>dubitandi</span> <span class='ocrx_word' id='word_1_61' title='bbox 1035 1565 1120 1667; x_wconf 89' lang='lat' dir='ltr'>erit,</span> <span class='ocrx_word' id='word_1_62' title='bbox 1149 1567 1247 1680; x_wconf 92' lang='lat' dir='ltr'>quin</span> <span class='ocrx_word' id='word_1_63' title='bbox 1265 1561 1319 1648; x_wconf 91' lang='lat' dir='ltr'>de</span> <span class='ocrx_word' id='word_1_64' title='bbox 1347 1563 1492 1648; x_wconf 81' lang='lat' dir='ltr'>celebri</span> <span class='ocrx_word' id='word_1_65' title='bbox 1520 1561 1735 1646; x_wconf 83' lang='lat' dir='ltr'>Hiberniae</span> <span class='ocrx_word' id='word_1_66' title='bbox 1763 1560 1956 1672; x_wconf 91' lang='lat' dir='ltr'>Apostolo</span> <span class='ocrx_word' id='word_1_67' title='bbox 1971 1564 2035 1648; x_wconf 90' lang='lat' dir='ltr'>hic</span> <span class='ocrx_word' id='word_1_68' title='bbox 2053 1587 2197 1682; x_wconf 87' lang='lat' dir='ltr'>agatur.</span> 
     </span>
    </p>

    <p class='ocr_par' dir='ltr' id='par_1_5' title="bbox 402 1693 2209 4630">
     <span class='ocr_line' id='line_1_9' title="bbox 616 1693 2209 1818; baseline 0.001 -34"><span class='ocrx_word' id='word_1_69' title='bbox 616 1703 619 1710; x_wconf 52' lang='lat'><em>⁴</em></span> <span class='ocrx_word' id='word_1_70' title='bbox 646 1703 784 1785; x_wconf 86' lang='lat' dir='ltr'>Mirari</span> <span class='ocrx_word' id='word_1_71' title='bbox 813 1733 907 1787; x_wconf 87' lang='lat' dir='ltr'>vero</span> <span class='ocrx_word' id='word_1_72' title='bbox 935 1701 1070 1804; x_wconf 85' lang='lat' dir='ltr'>subest</span> <span class='ocrx_word' id='word_1_73' title='bbox 1088 1701 1190 1818; x_wconf 91' lang='lat' dir='ltr'>quid</span> <span class='ocrx_word' id='word_1_74' title='bbox 1208 1707 1271 1808; x_wconf 89' lang='lat' dir='ltr'>sit,</span> <span class='ocrx_word' id='word_1_75' title='bbox 1300 1702 1413 1818; x_wconf 90' lang='lat' dir='ltr'>quod</span> <span class='ocrx_word' id='word_1_76' title='bbox 1431 1702 1484 1788; x_wconf 90' lang='lat' dir='ltr'>ad</span> <span class='ocrx_word' id='word_1_77' title='bbox 1498 1701 1608 1788; x_wconf 91' lang='lat' dir='ltr'>diem</span> <span class='ocrx_word' id='word_1_78' title='bbox 1625 1693 1769 1783; x_wconf 81' lang='lat' dir='ltr'>XXIX</span> <span class='ocrx_word' id='word_1_79' title='bbox 1784 1699 1919 1786; x_wconf 88' lang='lat' dir='ltr'>Martii</span> <span class='ocrx_word' id='word_1_80' title='bbox 1936 1707 1978 1786; x_wconf 93' lang='lat' dir='ltr'>in</span> <span class='ocrx_word' id='word_1_81' title='bbox 1991 1705 2209 1788; x_wconf 89' lang='lat' dir='ltr'>Tutiniano</span> 
     </span>
     <span class='ocr_line' id='line_1_10' title="bbox 531 1843 2202 1957; baseline -0.004 -26"><span class='ocrx_word' id='word_1_82' title='bbox 531 1845 573 1931; x_wconf 90' lang='lat' dir='ltr'>S.</span> <span class='ocrx_word' id='word_1_83' title='bbox 603 1847 814 1930; x_wconf 84' lang='lat' dir='ltr'>Anastasii</span> <span class='ocrx_word' id='word_1_84' title='bbox 837 1845 902 1929; x_wconf 80' lang='lat' dir='ltr'><em>M</em></span> <span class='ocrx_word' id='word_1_85' title='bbox 924 1849 1141 1957; x_wconf 86' lang='lat' dir='ltr'>reperiatur</span> <span class='ocrx_word' id='word_1_86' title='bbox 1169 1875 1315 1928; x_wconf 90' lang='lat' dir='ltr'>nomen</span> <span class='ocrx_word' id='word_1_87' title='bbox 1342 1847 1546 1956; x_wconf 87' lang='lat' dir='ltr'>scriptum,</span> <span class='ocrx_word' id='word_1_88' title='bbox 1565 1875 1695 1957; x_wconf 91' lang='lat' dir='ltr'>quum</span> <span class='ocrx_word' id='word_1_89' title='bbox 1713 1866 1847 1928; x_wconf 83' lang='lat' dir='ltr'>contra</span> <span class='ocrx_word' id='word_1_90' title='bbox 1866 1847 1908 1926; x_wconf 92' lang='lat' dir='ltr'>in</span> <span class='ocrx_word' id='word_1_91' title='bbox 1927 1865 2060 1926; x_wconf 90' lang='lat' dir='ltr'>nostro</span> <span class='ocrx_word' id='word_1_92' title='bbox 2073 1843 2202 1926; x_wconf 85' lang='lat' dir='ltr'>¹Codi-</span> 
     </span>
     <span class='ocr_line' id='line_1_11' title="bbox 502 1981 2194 2097; baseline -0.002 -26"><span class='ocrx_word' id='word_1_93' title='bbox 502 2016 577 2072; x_wconf 64' lang='grc' dir='ltr'>’τε</span> <span class='ocrx_word' id='word_1_94' title='bbox 603 2014 750 2068; x_wconf 88' lang='lat' dir='ltr'>nomen</span> <span class='ocrx_word' id='word_1_95' title='bbox 779 1984 819 2068; x_wconf 92' lang='lat' dir='ltr'>S.</span> <span class='ocrx_word' id='word_1_96' title='bbox 849 1984 1081 2097; x_wconf 79' lang='lat' dir='ltr'>Armcgusti</span> <span class='ocrx_word' id='word_1_97' title='bbox 1106 1986 1172 2069; x_wconf 79' lang='lat' dir='ltr'><em>M</em></span> <span class='ocrx_word' id='word_1_98' title='bbox 1198 2005 1330 2095; x_wconf 91' lang='lat' dir='ltr'>aperte</span> <span class='ocrx_word' id='word_1_99' title='bbox 1358 1983 1520 2096; x_wconf 88' lang='lat' dir='ltr'>legatur.</span> <span class='ocrx_word' id='word_1_100' title='bbox 1549 1981 1614 2067; x_wconf 91' lang='lat' dir='ltr'>An</span> <span class='ocrx_word' id='word_1_101' title='bbox 1641 1985 1898 2088; x_wconf 89' lang='lat' dir='ltr'>amanuensis,</span> <span class='ocrx_word' id='word_1_102' title='bbox 1913 2014 1997 2097; x_wconf 93' lang='lat' dir='ltr'>quo</span> <span class='ocrx_word' id='word_1_103' title='bbox 2026 1985 2194 2068; x_wconf 87' lang='lat' dir='ltr'>Tutinns</span> 
     </span>
     <span class='ocr_line' id='line_1_12' title="bbox 529 2121 2206 2238; baseline -0.002 -30"><span class='ocrx_word' id='word_1_104' title='bbox 529 2155 624 2209; x_wconf 88' lang='lat' dir='ltr'>usus</span> <span class='ocrx_word' id='word_1_105' title='bbox 651 2122 754 2238; x_wconf 76' lang='lat' dir='ltr'>fuit,</span> <span class='ocrx_word' id='word_1_106' title='bbox 784 2125 1067 2238; x_wconf 83' lang='lat' dir='ltr'>Armcgustum</span> <span class='ocrx_word' id='word_1_107' title='bbox 1094 2153 1189 2208; x_wconf 90' lang='lat' dir='ltr'>cum</span> <span class='ocrx_word' id='word_1_108' title='bbox 1219 2125 1434 2208; x_wconf 80' lang='lat' dir='ltr'>Anastasio</span> <span class='ocrx_word' id='word_1_109' title='bbox 1458 2123 1756 2209; x_wconf 77' lang='lat' dir='ltr'>commutavit?</span> <span class='ocrx_word' id='word_1_110' title='bbox 1777 2121 1984 2237; x_wconf 86' lang='lat' dir='ltr'>Equidem</span> <span class='ocrx_word' id='word_1_111' title='bbox 2014 2128 2054 2206; x_wconf 93' lang='lat' dir='ltr'>in</span> <span class='ocrx_word' id='word_1_112' title='bbox 2086 2123 2206 2206; x_wconf 68' lang='lat' dir='ltr'>Mart,</span> 
     </span>
     <span class='ocr_line' id='line_1_13' title="bbox 440 2239 2204 2380; baseline -0.002 -31"><span class='ocrx_word' id='word_1_113' title='bbox 440 2375 443 2380; x_wconf 16' lang='grc' dir='ltr'><strong>Δ</strong></span> <span class='ocrx_word' id='word_1_114' title='bbox 526 2266 641 2349; x_wconf 90' lang='lat' dir='ltr'>Rom.</span> <span class='ocrx_word' id='word_1_115' title='bbox 670 2239 714 2345; x_wconf 87' lang='lat' dir='ltr'>ut</span> <span class='ocrx_word' id='word_1_116' title='bbox 741 2285 782 2346; x_wconf 90' lang='lat' dir='ltr'>et</span> <span class='ocrx_word' id='word_1_117' title='bbox 809 2267 852 2347; x_wconf 91' lang='lat' dir='ltr'>in</span> <span class='ocrx_word' id='word_1_118' title='bbox 880 2263 964 2346; x_wconf 90' lang='lat' dir='ltr'>aliis</span> <span class='ocrx_word' id='word_1_119' title='bbox 1004 2264 1317 2380; x_wconf 79' lang='lat' dir='ltr'>antiquioribus,</span> <span class='ocrx_word' id='word_1_120' title='bbox 1365 2270 1515 2351; x_wconf 85' lang='lat' dir='ltr'>mentio</span> <span class='ocrx_word' id='word_1_121' title='bbox 1542 2263 1590 2350; x_wconf 90' lang='lat' dir='ltr'>fit</span> <span class='ocrx_word' id='word_1_122' title='bbox 1617 2266 1691 2352; x_wconf 86' lang='lat' dir='ltr'>lrac</span> <span class='ocrx_word' id='word_1_123' title='bbox 1718 2264 1784 2350; x_wconf 90' lang='lat' dir='ltr'>die</span> <span class='ocrx_word' id='word_1_124' title='bbox 1810 2265 1954 2350; x_wconf 88' lang='lat' dir='ltr'>XXlX</span> <span class='ocrx_word' id='word_1_125' title='bbox 2003 2269 2204 2378; x_wconf 50' lang='lat' dir='ltr'>Arrncgnf</span> 
     </span>
     <span class='ocr_line' id='line_1_14' title="bbox 533 2395 2200 2512; baseline -0.002 -24"><span class='ocrx_word' id='word_1_126' title='bbox 533 2410 587 2490; x_wconf 86' lang='lat' dir='ltr'>sti</span> <span class='ocrx_word' id='word_1_127' title='bbox 618 2407 813 2505; x_wconf 85' lang='lat' dir='ltr'>Comitis,</span> <span class='ocrx_word' id='word_1_128' title='bbox 843 2404 1077 2509; x_wconf 69' lang='lat' dir='ltr'>Masculus,</span> <span class='ocrx_word' id='word_1_129' title='bbox 1108 2405 1356 2509; x_wconf 81' lang='lat' dir='ltr'>Arclu&#39;nt&#39;mi,</span> <span class='ocrx_word' id='word_1_130' title='bbox 1378 2426 1416 2492; x_wconf 87' lang='lat' dir='ltr'>et</span> <span class='ocrx_word' id='word_1_131' title='bbox 1445 2409 1592 2512; x_wconf 85' lang='lat' dir='ltr'>Saturi,</span> <span class='ocrx_word' id='word_1_132' title='bbox 1607 2437 1655 2491; x_wconf 85' lang='lat' dir='ltr'>ex</span> <span class='ocrx_word' id='word_1_133' title='bbox 1683 2439 1814 2492; x_wconf 89' lang='lat' dir='ltr'>errore</span> <span class='ocrx_word' id='word_1_134' title='bbox 1844 2395 1984 2512; x_wconf 75' lang='lat' dir='ltr'>umen,</span> <span class='ocrx_word' id='word_1_135' title='bbox 2000 2435 2070 2488; x_wconf 88' lang='lat' dir='ltr'>nec</span> <span class='ocrx_word' id='word_1_136' title='bbox 2089 2408 2200 2488; x_wconf 83' lang='lat' dir='ltr'>eninr</span> 
     </span>
     <span class='ocr_line' id='line_1_15' title="bbox 529 2541 2196 2660; baseline -0.002 -32"><span class='ocrx_word' id='word_1_137' title='bbox 529 2573 710 2660; x_wconf 91' lang='lat' dir='ltr'>unquam</span> <span class='ocrx_word' id='word_1_138' title='bbox 738 2573 871 2630; x_wconf 89' lang='lat' dir='ltr'>comes</span> <span class='ocrx_word' id='word_1_139' title='bbox 888 2543 1145 2660; x_wconf 85' lang='lat' dir='ltr'>Armogastus</span> <span class='ocrx_word' id='word_1_140' title='bbox 1174 2543 1284 2651; x_wconf 82' lang='lat' dir='ltr'>luit,</span> <span class='ocrx_word' id='word_1_141' title='bbox 1313 2565 1352 2628; x_wconf 87' lang='lat' dir='ltr'>et</span> <span class='ocrx_word' id='word_1_142' title='bbox 1374 2545 1484 2632; x_wconf 74' lang='lat' dir='ltr'>‘illud</span> <span class='ocrx_word' id='word_1_143' title='bbox 1515 2547 1730 2634; x_wconf 79' lang='lat' dir='ltr'>Masculus</span> <span class='ocrx_word' id='word_1_144' title='bbox 1759 2578 1838 2632; x_wconf 90' lang='lat' dir='ltr'>non</span> <span class='ocrx_word' id='word_1_145' title='bbox 1882 2549 2098 2655; x_wconf 82' lang='lat' dir='ltr'>ma&#39;rtyris,</span> <span class='ocrx_word' id='word_1_146' title='bbox 2126 2541 2196 2626; x_wconf 89' lang='lat' dir='ltr'>sed</span> 
     </span>
     <span class='ocr_line' id='line_1_16' title="bbox 530 2683 2199 2804; baseline -0.002 -30"><span class='ocrx_word' id='word_1_147' title='bbox 530 2691 694 2774; x_wconf 83' lang='lat' dir='ltr'>civitatis</span> <span class='ocrx_word' id='word_1_148' title='bbox 723 2716 868 2770; x_wconf 92' lang='lat' dir='ltr'>nomen</span> <span class='ocrx_word' id='word_1_149' title='bbox 898 2686 985 2770; x_wconf 88' lang='lat' dir='ltr'>fuit.</span> <span class='ocrx_word' id='word_1_150' title='bbox 1014 2685 1072 2770; x_wconf 85' lang='lat' dir='ltr'>lli</span> <span class='ocrx_word' id='word_1_151' title='bbox 1099 2691 1200 2798; x_wconf 91' lang='lat' dir='ltr'>passi</span> <span class='ocrx_word' id='word_1_152' title='bbox 1229 2692 1390 2774; x_wconf 91' lang='lat' dir='ltr'>suntin</span> <span class='ocrx_word' id='word_1_153' title='bbox 1419 2689 1552 2772; x_wconf 89' lang='lat' dir='ltr'>Africa</span> <span class='ocrx_word' id='word_1_154' title='bbox 1579 2690 1656 2774; x_wconf 92' lang='lat' dir='ltr'>sub</span> <span class='ocrx_word' id='word_1_155' title='bbox 1674 2689 1892 2774; x_wconf 88' lang='lat' dir='ltr'>Gensericc</span> <span class='ocrx_word' id='word_1_156' title='bbox 1913 2685 2030 2804; x_wconf 78' lang='lat' dir='ltr'>Rege.</span> <span class='ocrx_word' id='word_1_157' title='bbox 2048 2683 2199 2772; x_wconf 83' lang='lat' dir='ltr'>Viden-</span> 
     </span>
     <span class='ocr_line' id='line_1_17' title="bbox 530 2823 2194 2944; baseline 0.001 -32"><span class='ocrx_word' id='word_1_158' title='bbox 530 2825 600 2930; x_wconf 84' lang='lat' dir='ltr'>di,</span> <span class='ocrx_word' id='word_1_159' title='bbox 626 2830 660 2912; x_wconf 88' lang='lat' dir='ltr'>si</span> <span class='ocrx_word' id='word_1_160' title='bbox 690 2825 817 2938; x_wconf 90' lang='lat' dir='ltr'>placet</span> <span class='ocrx_word' id='word_1_161' title='bbox 844 2823 895 2912; x_wconf 89' lang='lat' dir='ltr'>ad</span> <span class='ocrx_word' id='word_1_162' title='bbox 924 2824 1071 2939; x_wconf 89' lang='lat' dir='ltr'>plura,</span> <span class='ocrx_word' id='word_1_163' title='bbox 1100 2859 1201 2944; x_wconf 91' lang='lat' dir='ltr'>quae</span> <span class='ocrx_word' id='word_1_164' title='bbox 1230 2825 1281 2912; x_wconf 89' lang='lat' dir='ltr'>ad</span> <span class='ocrx_word' id='word_1_165' title='bbox 1310 2829 1383 2913; x_wconf 89' lang='lat' dir='ltr'>bos</span> <span class='ocrx_word' id='word_1_166' title='bbox 1409 2849 1606 2940; x_wconf 89' lang='lat' dir='ltr'>martyres·</span> <span class='ocrx_word' id='word_1_167' title='bbox 1630 2849 1817 2941; x_wconf 88' lang='lat' dir='ltr'>spectant,</span> <span class='ocrx_word' id='word_1_168' title='bbox 1836 2825 2004 2932; x_wconf 86' lang='lat' dir='ltr'>scienda,</span> <span class='ocrx_word' id='word_1_169' title='bbox 2023 2852 2071 2912; x_wconf 91' lang='lat' dir='ltr'>ut</span> <span class='ocrx_word' id='word_1_170' title='bbox 2098 2831 2194 2914; x_wconf 89' lang='lat' dir='ltr'>alios</span> 
     </span>
     <span class='ocr_line' id='line_1_18' title="bbox 532 2964 2208 3085; baseline 0 -33"><span class='ocrx_word' id='word_1_171' title='bbox 532 2971 792 3070; x_wconf 91' lang='lat' dir='ltr'>omittamus,</span> <span class='ocrx_word' id='word_1_172' title='bbox 819 2964 981 3050; x_wconf 68' lang='lat' dir='ltr'>Clariss.v</span> <span class='ocrx_word' id='word_1_173' title='bbox 1002 2965 1200 3085; x_wconf 78' lang='lat' dir='ltr'>Georgius</span> <span class='ocrx_word' id='word_1_174' title='bbox 1228 2975 1270 3054; x_wconf 92' lang='lat' dir='ltr'>in</span> <span class='ocrx_word' id='word_1_175' title='bbox 1299 2971 1516 3079; x_wconf 86' lang='lat' dir='ltr'>Adonem,</span> <span class='ocrx_word' id='word_1_176' title='bbox 1542 2993 1583 3055; x_wconf 88' lang='lat' dir='ltr'>et</span> <span class='ocrx_word' id='word_1_177' title='bbox 1625 2969 1875 3055; x_wconf 88' lang='lat' dir='ltr'>Bollandiani</span> <span class='ocrx_word' id='word_1_178' title='bbox 1904 2967 1975 3054; x_wconf 88' lang='lat' dir='ltr'>hac</span> <span class='ocrx_word' id='word_1_179' title='bbox 2003 2969 2079 3058; x_wconf 87' lang='lat' dir='ltr'>die.</span> <span class='ocrx_word' id='word_1_180' title='bbox 2107 2969 2208 3054; x_wconf 85' lang='lat' dir='ltr'>Cur&#39;</span> 
     </span>
     <span class='ocr_line' id='line_1_19' title="bbox 487 3087 2194 3224; baseline 0.001 -32"><span class='ocrx_word' id='word_1_181' title='bbox 487 3087 490 3096; x_wconf 79' lang='lat'>.</span> <span class='ocrx_word' id='word_1_182' title='bbox 527 3139 624 3196; x_wconf 86' lang='lat' dir='ltr'>vero</span> <span class='ocrx_word' id='word_1_183' title='bbox 652 3129 806 3194; x_wconf 89' lang='lat' dir='ltr'>tantum</span> <span class='ocrx_word' id='word_1_184' title='bbox 836 3105 887 3194; x_wconf 89' lang='lat' dir='ltr'>de</span> <span class='ocrx_word' id='word_1_185' title='bbox 914 3105 952 3187; x_wconf 89' lang='lat' dir='ltr'>S.</span> <span class='ocrx_word' id='word_1_186' title='bbox 980 3105 1217 3224; x_wconf 86' lang='lat' dir='ltr'>Armogasto</span> <span class='ocrx_word' id='word_1_187' title='bbox 1244 3108 1393 3196; x_wconf 87' lang='lat' dir='ltr'>festum</span> <span class='ocrx_word' id='word_1_188' title='bbox 1428 3131 1609 3196; x_wconf 89' lang='lat' dir='ltr'>notatum</span> <span class='ocrx_word' id='word_1_189' title='bbox 1638 3111 1789 3214; x_wconf 87' lang='lat' dir='ltr'>luerit,</span> <span class='ocrx_word' id='word_1_190' title='bbox 1819 3109 1923 3216; x_wconf 88' lang='lat' dir='ltr'>illud</span> <span class='ocrx_word' id='word_1_191' title='bbox 1961 3110 2119 3206; x_wconf 82' lang='lat' dir='ltr'>fortasse</span> <span class='ocrx_word' id='word_1_192' title='bbox 2147 3143 2194 3194; x_wconf 80' lang='lat' dir='ltr'>et</span> 
     </span>
     <span class='ocr_line' id='line_1_20' title="bbox 524 3249 2192 3369; baseline 0 -33"><span class='ocrx_word' id='word_1_193' title='bbox 524 3281 574 3336; x_wconf 87' lang='lat' dir='ltr'>eo</span> <span class='ocrx_word' id='word_1_194' title='bbox 601 3251 773 3358; x_wconf 86' lang='lat' dir='ltr'>factum,</span> <span class='ocrx_word' id='word_1_195' title='bbox 802 3250 915 3369; x_wconf 90' lang='lat' dir='ltr'>quod</span> <span class='ocrx_word' id='word_1_196' title='bbox 943 3249 1131 3362; x_wconf 86' lang='lat' dir='ltr'>Corporis</span> <span class='ocrx_word' id='word_1_197' title='bbox 1150 3254 1235 3334; x_wconf 89' lang='lat' dir='ltr'>eius</span> <span class='ocrx_word' id='word_1_198' title='bbox 1262 3251 1451 3366; x_wconf 85' lang='lat' dir='ltr'>reliquiae</span> <span class='ocrx_word' id='word_1_199' title='bbox 1478 3251 1627 3336; x_wconf 82' lang='lat' dir='ltr'>fuerint</span> <span class='ocrx_word' id='word_1_200' title='bbox 1645 3249 1798 3364; x_wconf 86' lang='lat' dir='ltr'>aliquae</span> <span class='ocrx_word' id='word_1_201' title='bbox 1827 3249 2041 3364; x_wconf 86' lang='lat' dir='ltr'>Neapolim</span> <span class='ocrx_word' id='word_1_202' title='bbox 2071 3271 2192 3336; x_wconf 83' lang='lat' dir='ltr'>trans·</span> 
     </span>
     <span class='ocr_line' id='line_1_21' title="bbox 525 3391 1462 3505; baseline -0.001 -29"><span class='ocrx_word' id='word_1_203' title='bbox 525 3392 637 3476; x_wconf 79' lang='lat' dir='ltr'>tane.</span> <span class='ocrx_word' id='word_1_204' title='bbox 662 3392 803 3479; x_wconf 85' lang='lat' dir='ltr'>Fasces</span> <span class='ocrx_word' id='word_1_205' title='bbox 830 3396 895 3478; x_wconf 92' lang='lat' dir='ltr'>bic</span> <span class='ocrx_word' id='word_1_206' title='bbox 922 3393 1036 3478; x_wconf 90' lang='lat' dir='ltr'>nobis</span> <span class='ocrx_word' id='word_1_207' title='bbox 1065 3392 1297 3476; x_wconf 83' lang='lat' dir='ltr'>submittere</span> <span class='ocrx_word' id='word_1_208' title='bbox 1325 3391 1462 3505; x_wconf 81' lang='lat' dir='ltr'>placet</span> 
     </span>
     <span class='ocr_line' id='line_1_22' title="bbox 621 3527 2194 3649; baseline -0.002 -31"><span class='ocrx_word' id='word_1_209' title='bbox 621 3531 721 3618; x_wconf 90' lang='lat' dir='ltr'>.Die</span> <span class='ocrx_word' id='word_1_210' title='bbox 748 3533 862 3616; x_wconf 90' lang='lat' dir='ltr'>Xlll.</span> <span class='ocrx_word' id='word_1_211' title='bbox 892 3533 1041 3644; x_wconf 81' lang='lat' dir='ltr'>Aprilis</span> <span class='ocrx_word' id='word_1_212' title='bbox 1070 3537 1112 3616; x_wconf 93' lang='lat' dir='ltr'>in</span> <span class='ocrx_word' id='word_1_213' title='bbox 1140 3533 1352 3618; x_wconf 90' lang='lat' dir='ltr'>Tutiniano</span> <span class='ocrx_word' id='word_1_214' title='bbox 1380 3533 1547 3618; x_wconf 87' lang='lat' dir='ltr'>babetur</span> <span class='ocrx_word' id='word_1_215' title='bbox 1578 3527 1881 3649; x_wconf 85' lang='lat' dir='ltr'>Hermcnegildt&#39;</span> <span class='ocrx_word' id='word_1_216' title='bbox 1909 3532 1997 3645; x_wconf 69' lang='lat' dir='ltr'>spi.</span> <span class='ocrx_word' id='word_1_217' title='bbox 2029 3531 2194 3638; x_wconf 84' lang='lat' dir='ltr'>Mnrt.;</span> 
     </span>
     <span class='ocr_line' id='line_1_23' title="bbox 524 3667 2195 3787; baseline 0.001 -31"><span class='ocrx_word' id='word_1_218' title='bbox 524 3678 568 3760; x_wconf 92' lang='lat' dir='ltr'>in</span> <span class='ocrx_word' id='word_1_219' title='bbox 594 3697 728 3760; x_wconf 87' lang='lat' dir='ltr'>nostro</span> <span class='ocrx_word' id='word_1_220' title='bbox 759 3691 854 3758; x_wconf 75' lang='lat' dir='ltr'>vero</span> <span class='ocrx_word' id='word_1_221' title='bbox 882 3669 1116 3786; x_wconf 80' lang='lat' dir='ltr'>Ermigaldi</span> <span class='ocrx_word' id='word_1_222' title='bbox 1140 3675 1228 3787; x_wconf 83' lang='lat' dir='ltr'>Epi.</span> <span class='ocrx_word' id='word_1_223' title='bbox 1260 3673 1389 3757; x_wconf 81' lang='lat' dir='ltr'>Mart.</span> <span class='ocrx_word' id='word_1_224' title='bbox 1420 3672 1520 3780; x_wconf 90' lang='lat' dir='ltr'>Quis</span> <span class='ocrx_word' id='word_1_225' title='bbox 1549 3676 1619 3755; x_wconf 92' lang='lat' dir='ltr'>iste</span> <span class='ocrx_word' id='word_1_226' title='bbox 1647 3667 1905 3784; x_wconf 86' lang='lat' dir='ltr'>Ermigaldus</span> <span class='ocrx_word' id='word_1_227' title='bbox 1927 3700 2007 3756; x_wconf 92' lang='lat' dir='ltr'>non</span> <span class='ocrx_word' id='word_1_228' title='bbox 2037 3676 2127 3756; x_wconf 90' lang='lat' dir='ltr'>satis</span> <span class='ocrx_word' id='word_1_229' title='bbox 2146 3673 2195 3756; x_wconf 86' lang='lat' dir='ltr'>li-</span> 
     </span>
     <span class='ocr_line' id='line_1_24' title="bbox 525 3807 2199 3929; baseline 0 -33"><span class='ocrx_word' id='word_1_230' title='bbox 525 3831 632 3929; x_wconf 86' lang='lat' dir='ltr'>quet</span> <span class='ocrx_word' id='word_1_231' title='bbox 661 3810 778 3897; x_wconf 89' lang='lat' dir='ltr'>Certe</span> <span class='ocrx_word' id='word_1_232' title='bbox 805 3809 890 3896; x_wconf 90' lang='lat' dir='ltr'>dies</span> <span class='ocrx_word' id='word_1_233' title='bbox 918 3812 1012 3896; x_wconf 89' lang='lat' dir='ltr'>haec</span> <span class='ocrx_word' id='word_1_234' title='bbox 1040 3811 1201 3897; x_wconf 90' lang='lat' dir='ltr'>celebris</span> <span class='ocrx_word' id='word_1_235' title='bbox 1229 3833 1289 3895; x_wconf 90' lang='lat' dir='ltr'>est</span> <span class='ocrx_word' id='word_1_236' title='bbox 1318 3845 1365 3897; x_wconf 83' lang='lat' dir='ltr'>ex</span> <span class='ocrx_word' id='word_1_237' title='bbox 1380 3815 1574 3897; x_wconf 89' lang='lat' dir='ltr'>memoria</span> <span class='ocrx_word' id='word_1_238' title='bbox 1595 3813 1635 3896; x_wconf 87' lang='lat' dir='ltr'>S.</span> <span class='ocrx_word' id='word_1_239' title='bbox 1656 3807 1963 3925; x_wconf 83' lang='lat' dir='ltr'>Hermenegildi</span> <span class='ocrx_word' id='word_1_240' title='bbox 1977 3812 2199 3926; x_wconf 55' lang='lat' dir='ltr'>Marffrm,</span> 
     </span>
     <span class='ocr_line' id='line_1_25' title="bbox 499 3949 2191 4069; baseline 0.004 -39"><span class='ocrx_word' id='word_1_241' title='bbox 499 3951 577 4037; x_wconf 84' lang='lat' dir='ltr'>de</span> <span class='ocrx_word' id='word_1_242' title='bbox 605 3981 690 4066; x_wconf 89' lang='lat' dir='ltr'>quo</span> <span class='ocrx_word' id='word_1_243' title='bbox 716 3951 754 4034; x_wconf 90' lang='lat' dir='ltr'>S.</span> <span class='ocrx_word' id='word_1_244' title='bbox 783 3949 999 4067; x_wconf 84' lang='lat' dir='ltr'>Gregorius</span> <span class='ocrx_word' id='word_1_245' title='bbox 1027 3953 1131 4065; x_wconf 88' lang='lat' dir='ltr'>Papa</span> <span class='ocrx_word' id='word_1_246' title='bbox 1159 3957 1341 4066; x_wconf 88' lang='lat' dir='ltr'>scripsit,</span> <span class='ocrx_word' id='word_1_247' title='bbox 1370 3973 1410 4038; x_wconf 88' lang='lat' dir='ltr'>et</span> <span class='ocrx_word' id='word_1_248' title='bbox 1438 3957 1510 4069; x_wconf 89' lang='lat' dir='ltr'>qui</span> <span class='ocrx_word' id='word_1_249' title='bbox 1553 3950 1753 4065; x_wconf 88' lang='lat' dir='ltr'>aliquibus</span> <span class='ocrx_word' id='word_1_250' title='bbox 1780 3953 1824 4033; x_wconf 89' lang='lat' dir='ltr'>iu</span> <span class='ocrx_word' id='word_1_251' title='bbox 1870 3949 2087 4036; x_wconf 86' lang='lat' dir='ltr'>Codicibus</span> <span class='ocrx_word' id='word_1_252' title='bbox 2116 3953 2191 4037; x_wconf 81' lang='lat' dir='ltr'>Er-</span> 
     </span>
     <span class='ocr_line' id='line_1_26' title="bbox 521 4090 2192 4211; baseline -0.001 -35"><span class='ocrx_word' id='word_1_253' title='bbox 521 4091 712 4210; x_wconf 69' lang='lat' dir='ltr'>nu‘gt&#39;ldus</span> <span class='ocrx_word' id='word_1_254' title='bbox 740 4093 950 4198; x_wconf 88' lang='lat' dir='ltr'>scribitur,</span> <span class='ocrx_word' id='word_1_255' title='bbox 978 4113 1024 4175; x_wconf 91' lang='lat' dir='ltr'>ut</span> <span class='ocrx_word' id='word_1_256' title='bbox 1051 4093 1222 4178; x_wconf 89' lang='lat' dir='ltr'>advertit</span> <span class='ocrx_word' id='word_1_257' title='bbox 1251 4093 1504 4180; x_wconf 90' lang='lat' dir='ltr'>Clarissimus</span> <span class='ocrx_word' id='word_1_258' title='bbox 1531 4091 1730 4211; x_wconf 84' lang='lat' dir='ltr'>Georgius</span> <span class='ocrx_word' id='word_1_259' title='bbox 1749 4097 1790 4180; x_wconf 87' lang='lat' dir='ltr'>in</span> <span class='ocrx_word' id='word_1_260' title='bbox 1812 4090 2008 4178; x_wconf 88' lang='lat' dir='ltr'>Adonem.</span> <span class='ocrx_word' id='word_1_261' title='bbox 2038 4093 2192 4176; x_wconf 87' lang='lat' dir='ltr'>Fortas-</span> 
     </span>
     <span class='ocr_line' id='line_1_27' title="bbox 402 4205 2187 4352; baseline 0.001 -37"><span class='ocrx_word' id='word_1_262' title='bbox 402 4339 405 4346; x_wconf 93' lang='lat'><em>.</em></span> <span class='ocrx_word' id='word_1_263' title='bbox 523 4245 565 4315; x_wconf 78' lang='lat' dir='ltr'>se</span> <span class='ocrx_word' id='word_1_264' title='bbox 593 4265 641 4318; x_wconf 86' lang='lat' dir='ltr'>ex</span> <span class='ocrx_word' id='word_1_265' title='bbox 670 4265 801 4322; x_wconf 88' lang='lat' dir='ltr'>errore</span> <span class='ocrx_word' id='word_1_266' title='bbox 829 4235 1061 4321; x_wconf 86' lang='lat' dir='ltr'>adiunctum</span> <span class='ocrx_word' id='word_1_267' title='bbox 1090 4205 1168 4319; x_wconf 80' lang='lat' dir='ltr'>fuit</span> <span class='ocrx_word' id='word_1_268' title='bbox 1196 4235 1301 4320; x_wconf 92' lang='lat' dir='ltr'>illud</span> <span class='ocrx_word' id='word_1_269' title='bbox 1330 4237 1432 4346; x_wconf 80' lang='lat' dir='ltr'>Epi,</span> <span class='ocrx_word' id='word_1_270' title='bbox 1452 4267 1582 4348; x_wconf 90' lang='lat' dir='ltr'>quum</span> <span class='ocrx_word' id='word_1_271' title='bbox 1610 4237 1649 4319; x_wconf 68' lang='lat' dir='ltr'>S,</span> <span class='ocrx_word' id='word_1_272' title='bbox 1667 4228 1997 4352; x_wconf 87' lang='lat' dir='ltr'>Hermenegildus</span> <span class='ocrx_word' id='word_1_273' title='bbox 2026 4233 2187 4344; x_wconf 89' lang='lat' dir='ltr'>Episco-</span> 
     </span>
     <span class='ocr_line' id='line_1_28' title="bbox 517 4370 2030 4488; baseline -0.004 -28"><span class='ocrx_word' id='word_1_274' title='bbox 517 4403 598 4488; x_wconf 85' lang='lat' dir='ltr'>pus</span> <span class='ocrx_word' id='word_1_275' title='bbox 630 4406 711 4460; x_wconf 90' lang='lat' dir='ltr'>non</span> <span class='ocrx_word' id='word_1_276' title='bbox 737 4374 870 4462; x_wconf 83' lang='lat' dir='ltr'>fuerit.</span> <span class='ocrx_word' id='word_1_277' title='bbox 903 4370 1137 4458; x_wconf 89' lang='lat' dir='ltr'>Dolendum</span> <span class='ocrx_word' id='word_1_278' title='bbox 1164 4374 1317 4465; x_wconf 80' lang='lat' dir='ltr'>nullam</span> <span class='ocrx_word' id='word_1_279' title='bbox 1345 4372 1595 4459; x_wconf 86' lang='lat' dir='ltr'>Mazochium</span> <span class='ocrx_word' id='word_1_280' title='bbox 1624 4373 1851 4488; x_wconf 87' lang='lat' dir='ltr'>adposuisse</span> <span class='ocrx_word' id='word_1_281' title='bbox 1879 4393 2030 4458; x_wconf 83' lang='lat' dir='ltr'>notam.</span> 
     </span>
     <span class='ocr_line' id='line_1_29' title="bbox 633 4513 2190 4630; baseline 0.002 -29"><span class='ocrx_word' id='word_1_282' title='bbox 633 4517 712 4602; x_wconf 86' lang='lat' dir='ltr'>Die</span> <span class='ocrx_word' id='word_1_283' title='bbox 739 4515 850 4614; x_wconf 85' lang='lat' dir='ltr'>XVI.</span> <span class='ocrx_word' id='word_1_284' title='bbox 879 4514 1027 4628; x_wconf 88' lang='lat' dir='ltr'>Aprilis</span> <span class='ocrx_word' id='word_1_285' title='bbox 1055 4514 1317 4600; x_wconf 88' lang='lat' dir='ltr'>Tutinianum</span> <span class='ocrx_word' id='word_1_286' title='bbox 1345 4513 1463 4601; x_wconf 91' lang='lat' dir='ltr'>habet</span> <span class='ocrx_word' id='word_1_287' title='bbox 1489 4519 1574 4622; x_wconf 89' lang='lat' dir='ltr'>sie,</span> <span class='ocrx_word' id='word_1_288' title='bbox 1596 4517 1754 4604; x_wconf 83' lang='lat' dir='ltr'>Nicetis</span> <span class='ocrx_word' id='word_1_289' title='bbox 1776 4547 1848 4630; x_wconf 85' lang='lat' dir='ltr'>pp·</span> <span class='ocrx_word' id='word_1_290' title='bbox 1882 4532 1918 4598; x_wconf 86' lang='lat' dir='ltr'>et</span> <span class='ocrx_word' id='word_1_291' title='bbox 1933 4544 1988 4598; x_wconf 90' lang='lat' dir='ltr'>m·</span> <span class='ocrx_word' id='word_1_292' title='bbox 2023 4519 2113 4602; x_wconf 82' lang='lat' dir='ltr'>sive</span> <span class='ocrx_word' id='word_1_293' title='bbox 2137 4523 2190 4604; x_wconf 85' lang='lat' dir='ltr'>A·</span> 
     </span>
    </p>
   </div>
   <div class='ocr_carea' id='block_1_5' title="bbox 385 4655 2190 4772">
    <p class='ocr_par' dir='ltr' id='par_1_6' title="bbox 385 4655 2190 4772">
     <span class='ocr_line' id='line_1_30' title="bbox 385 4655 2190 4772; baseline 0 -28"><span class='ocrx_word' id='word_1_294' title='bbox 385 4661 388 4670; x_wconf 87' lang='grc'><strong><em>’</em></strong></span> <span class='ocrx_word' id='word_1_295' title='bbox 521 4661 698 4744; x_wconf 71' lang='lat' dir='ltr'>nicaeis:</span> <span class='ocrx_word' id='word_1_296' title='bbox 727 4659 803 4742; x_wconf 89' lang='lat' dir='ltr'>boc</span> <span class='ocrx_word' id='word_1_297' title='bbox 830 4659 1025 4770; x_wconf 87' lang='lat' dir='ltr'>posterius</span> <span class='ocrx_word' id='word_1_298' title='bbox 1053 4676 1156 4742; x_wconf 92' lang='lat' dir='ltr'>certe</span> <span class='ocrx_word' id='word_1_299' title='bbox 1182 4686 1206 4739; x_wconf 89' lang='lat' dir='ltr'>a</span> <span class='ocrx_word' id='word_1_300' title='bbox 1232 4657 1371 4746; x_wconf 88' lang='lat' dir='ltr'>Tutini</span> <span class='ocrx_word' id='word_1_301' title='bbox 1417 4663 1645 4746; x_wconf 85' lang='lat' dir='ltr'>amanuensi</span> <span class='ocrx_word' id='word_1_302' title='bbox 1691 4655 1903 4744; x_wconf 86' lang='lat' dir='ltr'>inductum</span> <span class='ocrx_word' id='word_1_303' title='bbox 1933 4658 2031 4762; x_wconf 85' lang='lat' dir='ltr'>fuit,</span> <span class='ocrx_word' id='word_1_304' title='bbox 2060 4689 2190 4772; x_wconf 88' lang='lat' dir='ltr'>quum</span> 
     </span>
    </p>
   </div>
   <div class='ocr_carea' id='block_1_6' title="bbox 463 4797 2190 5202">
    <p class='ocr_par' dir='ltr' id='par_1_7' title="bbox 463 4797 2190 5202">
     <span class='ocr_line' id='line_1_31' title="bbox 515 4797 2190 4920; baseline -0.001 -34"><span class='ocrx_word' id='word_1_305' title='bbox 515 4805 563 4886; x_wconf 92' lang='lat' dir='ltr'>in</span> <span class='ocrx_word' id='word_1_306' title='bbox 592 4821 724 4916; x_wconf 88' lang='lat' dir='ltr'>nostro</span> <span class='ocrx_word' id='word_1_307' title='bbox 752 4803 842 4884; x_wconf 83' lang='lat' dir='ltr'>sive</span> <span class='ocrx_word' id='word_1_308' title='bbox 871 4803 1048 4886; x_wconf 87' lang='lat' dir='ltr'>Anicetis</span> <span class='ocrx_word' id='word_1_309' title='bbox 1075 4797 1194 4910; x_wconf 82' lang='lat' dir='ltr'>nullo</span> <span class='ocrx_word' id='word_1_310' title='bbox 1230 4799 1354 4884; x_wconf 92' lang='lat' dir='ltr'>modo</span> <span class='ocrx_word' id='word_1_311' title='bbox 1381 4801 1547 4920; x_wconf 89' lang='lat' dir='ltr'>legatur·</span> <span class='ocrx_word' id='word_1_312' title='bbox 1579 4799 1691 4886; x_wconf 92' lang='lat' dir='ltr'>Illud</span> <span class='ocrx_word' id='word_1_313' title='bbox 1729 4831 1827 4884; x_wconf 86' lang='lat' dir='ltr'>vero</span> <span class='ocrx_word' id='word_1_314' title='bbox 1876 4805 2066 4887; x_wconf 84' lang='lat' dir='ltr'>Aniccrt&#39;s</span> <span class='ocrx_word' id='word_1_315' title='bbox 2094 4832 2190 4887; x_wconf 91' lang='lat' dir='ltr'>cum</span> 
     </span>
     <span class='ocr_line' id='line_1_32' title="bbox 516 4937 2186 5059; baseline 0 -37"><span class='ocrx_word' id='word_1_316' title='bbox 516 4937 723 5026; x_wconf 79' lang='lat' dir='ltr'>litterali</span> <span class='ocrx_word' id='word_1_317' title='bbox 750 4939 851 5025; x_wconf 87' lang='lat' dir='ltr'>bene</span> <span class='ocrx_word' id='word_1_318' title='bbox 893 4942 1061 5024; x_wconf 84' lang='lat' dir='ltr'>correxit</span> <span class='ocrx_word' id='word_1_319' title='bbox 1109 4939 1365 5048; x_wconf 87' lang='lat' dir='ltr'>Mazocbius,</span> <span class='ocrx_word' id='word_1_320' title='bbox 1392 4971 1472 5026; x_wconf 93' lang='lat' dir='ltr'>non</span> <span class='ocrx_word' id='word_1_321' title='bbox 1499 4940 1592 5027; x_wconf 88' lang='lat' dir='ltr'>alias</span> <span class='ocrx_word' id='word_1_322' title='bbox 1638 4962 1916 5045; x_wconf 88' lang='lat' dir='ltr'>correcturus,</span> <span class='ocrx_word' id='word_1_323' title='bbox 1943 4945 1977 5026; x_wconf 92' lang='lat' dir='ltr'>si</span> <span class='ocrx_word' id='word_1_324' title='bbox 2006 4961 2186 5059; x_wconf 83' lang='lat' dir='ltr'>nostrum</span> 
     </span>
     <span class='ocr_line' id='line_1_33' title="bbox 463 5077 2177 5202; baseline -0.001 -34"><span class='ocrx_word' id='word_1_325' title='bbox 463 5183 473 5202; x_wconf 45' lang='lat'><strong>·</strong></span> <span class='ocrx_word' id='word_1_326' title='bbox 519 5079 710 5169; x_wconf 89' lang='lat' dir='ltr'>Codicem</span> <span class='ocrx_word' id='word_1_327' title='bbox 739 5079 912 5172; x_wconf 84' lang='lat' dir='ltr'>vidisset.</span> <span class='ocrx_word' id='word_1_328' title='bbox 955 5079 1143 5170; x_wconf 85' lang='lat' dir='ltr'>Ceterum</span> <span class='ocrx_word' id='word_1_329' title='bbox 1171 5077 1372 5170; x_wconf 88' lang='lat' dir='ltr'>Librarius</span> <span class='ocrx_word' id='word_1_330' title='bbox 1409 5113 1484 5200; x_wconf 90' lang='lat' dir='ltr'>pro</span> <span class='ocrx_word' id='word_1_331' title='bbox 1532 5083 1708 5172; x_wconf 81' lang='lat' dir='ltr'>Anicetis</span> <span class='ocrx_word' id='word_1_332' title='bbox 1753 5086 1950 5197; x_wconf 87' lang='lat' dir='ltr'>impressit</span> <span class='ocrx_word' id='word_1_333' title='bbox 1993 5079 2177 5166; x_wconf 72' lang='lat' dir='ltr'>Paciaecis.</span> 
     </span>
    </p>
   </div>
   <div class='ocr_carea' id='block_1_7' title="bbox 0 0 2446 6692">
    <p class='ocr_par' dir='ltr' id='par_1_8' title="bbox 0 0 2446 6692">
     <span class='ocr_line' id='line_1_34' title="bbox 0 0 2446 6692; baseline 0 3"><span class='ocrx_word' id='word_1_334' title='bbox 0 0 2446 6692; x_wconf 95' lang='lat' dir='ltr'> </span> 
     </span>
    </p>
   </div>
  </div>
 </body>
</html>
