4820 6604
957 533 1171 653 (xxv)

826 771 836 788 ·
927 757 1210 828 IUNIUS.

610 1049 691 1110 Cum
715 1043 764 1114 nit
789 1041 1020 1124 denudabit,
1053 1005 1147 1108 Ieariii
1170 1041 1339 1133 quindena
1365 1044 1510 1137 negabit.

911 1317 1238 1360 *Ψ
1304 1309 1308 1318 ’

496 1670 609 1739 Ionius
632 1666 733 1734 habet
758 1663 825 1731 dies
848 1661 973 1730 XXX.
998 1661 1077 1729 luna
1098 1639 1193 1730 'vero
1216 1661 1357 1733 XXIX.
1385 1664 1460 1736 Nox
1496 1667 1596 1737 habet
1622 1667 1724 1748 ,horas
1747 1669 1811 1742 VI,
1834 1674 1903 1742 dies

227 1857 289 1926 141,
697 1747 972 1913 sagzsgrllffl
999 1841 1206 1925 Marcellini,
1232 1842 1352 1930 Petri,
1377 1858 1410 1914 et
1432 1847 1592 1918 Herasrni.

226 1947 292 2016 IIII
414 1961 472 2006 no.
701 1935 734 2004 S.
761 1934 900 2027 Nicolay
923 1935 1089 2029 peregrini
1118 1932 1207 2000 conl.

229 2037 279 2106 III
416 2051 474 2096 no.

228 2128 260 2195 ΙΙ
412 2142 469 2185 no.

413 2209 525 2280 Nonas
1833 2273 1836 2280 .

229 2305 310 2374 VIII
410 2301 458 2368 id.
1088 2315 1091 2322 ’
1161 2292 1303 2365 Ultimus
1325 2301 1482 2368 terminus
1507 2298 1719 2371 Pentecostis.

227 2397 287 2464 VII
409 2393 457 2458 id.

224 2487 271 2554 VI
407 2481 456 2548 id.

225 2577 251 2640 V
411 2571 458 2638 id.
699 2569 848 2640 Sanctor.
873 2565 994 2643 Primi,
1020 2577 1053 2633 et
1075 2566 1235 2639 Felicieni
1263 2580 1358 2636 mart.

225 2667 292 2733 llll
411 2661 458 2728 ld.
883 2702 887 2706 ·
1275 2657 1335 2728 Do
1358 2657 1417 2724 H.⁸
1439 2662 1480 2728 V.

224 2757 273 2823 III
408 2751 456 2818 id.
699 2755 737 2817 S.
763 2749 918 2819 Barnabe
942 2747 1105 2838 Apostoli.

224 2847 256 2914 11
410 2841 457 2908 id.
710 2843 862 2910 Sanctor.
889 2850 986 2906 mart.
1015 2835 1179 2923 Basilidis,
1209 2837 1342 2922 Cirinj,
1368 2837 1538 2928 NaborIs,
1564 2856 1597 2913 et
1620 2840 1766 2912 Nazarii.

405 2931 485 3002 Idus
699 2930 733 3000 S.
759 2931 901 3002 Antonii
926 2930 968 2999 de
991 2927 1109 3000 ordine
1132 2933 1309 3000 minorum.

228 3026 343 3095 XVIII
408 3018 478 3091 kal.
528 3023 611 3094 Iulii
950 3049 952 3054 ·
1341 3065 1345 3074 ι

226 3117 326 3187 XVII
409 3110 479 3181 kal.
706 3111 860 3184 Senator.
887 3110 982 3197 Viti,
1009 3110 1177 3201 Modesti,
1203 3123 1303 3204 atque
1325 3110 1524 3190 Crescentis.

229 3207 316 3275 XVI
409 3200 479 3272 kal.
1203 3201 1264 3270 D.⁸
1286 3201 1344 3271 HJ
1367 3202 1446 3280 llll.

228 3297 293 3365 XV
408 3291 477 3360 kal.
1480 3293 1544 3364 Sol
1568 3295 1602 3362 io
1627 3299 1768 3364 Cancro·

229 3385 333 3455 XIIII
404 3381 475 3452 lsal.
592 3409 601 3426 ·
708 3381 859 3456 sanctor.
884 3400 982 3455 mart.
1009 3382 1237 3466 Marcelliani,
1263 3393 1297 3449 et
1321 3384 1438 3454 Marci.
1871 3395 1875 3406 “

229 3475 317 3546 XIII
407 3472 476 3543 kal.
703 3471 851 3541 Sanctor.
877 3490 976 3543 mart.
999 3475 1164 3556 Gervasi,
1190 3485 1223 3540 et
1243 3471 1406 3544 Prothasi·

229 3567 299 3638 XII
407 3563 477 3632 kal.
700 3563 736 3633 S.
762 3561 893 3630 Silverii
918 3588 980 3658 pp.
1006 3575 1040 3628 et
1061 3577 1157 3631 mart·

232 3658 286 3726 XI
401 3655 471 3724 kal.

230 3749 266 3814 X
402 3746 471 3816 kal.
701 3742 736 3812 S.
761 3742 889 3813 Paulini
911 3742 976 3836 epi·
1002 3753 1037 3809 et
1059 3743 1147 3814 coni.

235 3837 283 3906 IX
399 3837 470 3905 kal.
1390 3829 1519 3922 Vigilia-

231 3927 309 3996 VIII
400 3928 468 3997 kal.
706 3924 903 3993 Nativitatis
923 3930 962 3992 S.
986 3929 1124 3995 Ioannis
1146 3927 1312 4017 Baptista.

230 4019 290 4086 VII
398 4018 466 4087 kal.
694 4013 730 4081 S.
756 4014 885 4122 Eli5ti,
910 4017 977 4108 epi.
996 4063 1007 4097 ,
1032 4025 1065 4082 et
1085 4015 1194 4084 cons.»

231 4111 274 4176 VI
391 4109 460 4178 kal.
700 4103 863 4263 1οῇαηῖιέ
881 4154 892 4191 ,
916 4119 948 4176 et
970 4105 1075 4176 Pauli
1097 4120 1195 4177 mart.
1220 4121 1251 4179 et
1272 4103 1451 4180 Dedicatio
1474 4099 1596 4176 Sancte
1618 4107 1729 4178 Maris
1753 4103 1796 4176 de
1816 4126 1906 4174 mor·

735 4201 804 4287 tyri
824 4221 875 4264 us.

229 4293 257 4354 V
398 4288 464 4357 kal.

230 4381 295 4451 IIII
394 4379 465 4447 kal.
696 4375 730 4443 S.
756 4375 877 4446 Leonis
895 4401 958 4470 pp.
985 4387 1018 4442 et
1040 4373 1139 4445 Conl'.
1270 4423 1277 4436 ·
1698 4373 1857 4470 vigilia„

230 4472 279 4538 Ill
397 4470 466 4536 kal.
695 4473 848 4536 Senator.
874 4465 1067 4560 Apostolor.
1095 4471 1188 4538 Petri
1211 4482 1243 4538 et
1267 4469 1377 4536 Pauli.

235 4561 267 4628 II
398 4559 465 4634 Iial.
570 4567 581 4587 ⁸
708 4556 985 4630 commemoratio
1009 4555 1044 4625 S.
1070 4555 1162 4628 Pauli

1427 4649 1578 4750 4„
