4870 6630
1048 519 1065 638 (
1092 517 1194 632 61‘)

241 689 493 804 mnipotens
521 691 757 805 sempiterna
787 683 889 772 deus
917 683 989 799 qui
1017 687 1254 774 subvenisti:
1292 685 1359 773 hio
1371 681 1461 804 fiat
1499 681 1728 800 corfinio:
1764 693 1950 808 sequitur

239 830 484 919 absolutio:
513 837 716 920 Dominus
745 830 857 915 Iesus
886 825 1065 914 Christus
1094 830 1166 940 qui
1185 823 1287 912 dixit
1304 823 1509 942 discipulrb
1528 835 1704 930 suisetc:
1725 837 1841 917 item:
1860 835 1957 920 Pro-

175 999 181 1008 ·
243 977 442 1086 picietur
471 965 669 1062 dominus.
698 977 820 1059 item:
850 969 1116 1083 Omnipotens
1144 964 1244 1053 deus
1273 972 1346 1084 qui
1374 969 1490 1055 beato
1503 992 1632 1084 ,petro
1663 994 1706 1058 Γ-
1734 978 1849 1060 item:
1879 974 1957 1060 Mi·

241 1137 442 1201 serentur
470 1120 531 1202 tui
558 1119 808 1230 omnipotens
836 1110 935 1197 deus
959 1129 1001 1188 =
1022 1111 1164 1200 Postea
1192 1113 1512 1194 oomnmnicetur.
1530 1109 1688 1228 Corpus
1716 1135 1756 1200 et
1791 1119 1954 1232 sanguis

246 1251 428 1340 domini
456 1260 579 1342 nostri
607 1259 692 1342 iesu
721 1253 867 1339 Christi
896 1249 1077 1366 proficiat
1104 1251 1180 1338 tibi
1207 1249 1261 1336 ad
1291 1251 1459 1336 salntem
1487 1277 1720 1368 perpetuam
1747 1257 1880 1346 hicet
1907 1263 1951 1344 in

254 1416 470 1482 eternum.
499 1401 640 1485 Amen.
669 1394 732 1513 (1)
763 1397 857 1480 Post
886 1397 1233 1480 communionem:
1264 1393 1440 1478 Domine
1471 1416 1602 1480 sancte
1639 1415 1749 1508 pater
1776 1405 1958 1517 omnIpo·

269 1553 375 1622 tens
402 1559 535 1623 eterne
563 1536 663 1622 deus
707 1557 746 1620 te
783 1529 957 1620 fideliter
999 1531 1285 1648 deprecamur:
1314 1533 1513 1618 Securuur
1552 1531 1840 1622 benedictiones
1873 1535 1956 1624 Do-

2058 1783 2067 1824 l

378 1871 438 1973 (t)
468 1871 509 1945 In
536 1870 739 1970 praecedenti
765 1869 920 1964 Ordine,
947 1871 1005 1971 qni
1028 1867 1201 1968 peculiaris
1226 1892 1287 1964 pm
1313 1865 1504 1943 Fratribus
1529 1865 1801 1969 Congregationis
1826 1873 1865 1949 S.
1895 1877 1955 1954 Se·

254 1997 404 2098 pulcri,
430 2011 467 2073 ut
491 1998 743 2098 praediximus,
769 1995 905 2069 fortasse
928 2007 1021 2091 erat,
1047 1992 1171 2067 dicitur
1211 2005 1339 2066 tuntum
1365 2015 1401 2066 Ξ
1439 1993 1587 2089 rcficiot
1629 1996 1811 2092 infimum
1834 1999 1961 2076 Domi·

260 2133 350 2203 uici
373 2126 611 2201 Sacrameuti
632 2128 899 2200 comunione:
919 2119 995 2194 Hoc
1020 2143 1101 2194 vero
1125 2120 1312 2198 insecundo
1337 2119 1482 2195 formula
1495 2145 1643 2220 expresse
1660 2125 1785 2223 legitur
1799 2144 1837 2198 t=
1868 2127 1960 2207 Cor-

262 2279 344 2354 pus
366 2269 401 2326 et
424 2253 576 2348 sangrus
601 2247 750 2322 Domini
775 2251 889 2320 nostri
914 2243 999 2318 Iesu
1027 2241 1165 2322 Christi
1182 2249 1357 2349 proficiet
1382 2262 1447 2323 etc.
1460 2249 1550 2324 Hinc
1567 2257 1725 2354 consequi
1738 2259 1846 2354 primu
1865 2261 1959 2336 fron-

270 2391 311 2451 te
335 2374 516 2464 ridebitur,
543 2377 580 2448 in
612 2373 760 2448 Ecclesia
784 2372 823 2448 S.
852 2370 1028 2471 Sepulcri,
1054 2373 1192 2453 infirmis
1216 2376 1337 2452 sultern
1361 2377 1424 2452 sub
1448 2390 1585 2481 utraque
1608 2383 1715 2480 specie
1748 2383 1956 2460 administra.

253 2521 341 2580 tam
377 2505 476 2580 fuisse
501 2501 565 2578 SS.
609 2499 866 2575 Eucharistiam.
895 2497 1013 2600 Neque
1053 2498 1120 2574 hoc
1143 2502 1333 2578 mirandum
1358 2516 1471 2600 esset,
1508 2529 1585 2580 cutn
1618 2504 1785 2610 aliquibus
1821 2510 1856 2584 in
1881 2509 1949 2583 Ec·
2113 2591 2160 2648 W
2191 2546 2195 2557 ·
2250 2532 2264 2560 *-

256 2633 374 2710 clesiis
389 2656 492 2733 usque
505 2628 547 2704 ad
556 2629 722 2704 succulum
733 2627 824 2702 XIII
840 2627 1085 2702 communionis
1096 2643 1238 2730 utraque
1254 2630 1290 2700 in
1303 2627 1410 2728 specie
1425 2653 1501 2704 usus
1516 2633 1758 2730 perduraverit.
1782 2638 1876 2715 Cum
1896 2665 1955 2716 re·
2069 2633 2095 2737 ςΔ
2307 2721 2311 2730 ,

263 2787 312 2835 ro
337 2759 441 2834 unica
458 2745 599 2834 somna
623 2779 752 2858 corpus
776 2773 812 2832 et
835 2762 987 2856 sanguis
1012 2737 1168 2832 nutanti
1188 2755 1290 2833 facilis
1314 2758 1503 2832 coniectura
1534 2761 1596 2835 erit
1620 2787 1689 2838 non
1715 2767 1890 2864 separatim
1915 2797 1955 2846 u·
2070 2830 2072 2865 :
2151 2741 2154 2750 ⁷
2190 2841 2193 2848 ,
2234 2736 2238 2758 ¹
2288 2751 2333 2778 '⁸'

264 2915 355 2964 num
380 2901 413 2962 et
437 2886 577 2960 alterum
602 2887 638 2960 in
663 2883 812 2960 Ecclesia
835 2881 1220 2986 Hierosolymitnna,sed
1235 2909 1355 2984 corpus
1371 2909 1462 2959 sacro
1478 2887 1634 2986 sanguine
1644 2889 1820 2966 intinctum
1837 2891 1953 2973 saltem

267 3017 410 3092 infirmis
434 2993 670 3088 ministratum.
698 3011 864 3104 Quamvis
888 3036 969 3086 vcro
994 3011 1186 3086 communio
1211 3010 1358 3108 corporis
1381 3033 1472 3084 sacro
1496 3013 1650 3114 sunguine
1666 3016 1795 3092 intincti
1805 3017 1956 3120 aliquan·
2071 2996 2074 3009 ’

272 3145 321 3216 do
345 3143 381 3216 in
403 3140 552 3216 Ecclesia
577 3143 698 3214 Latina
723 3141 824 3214 vetita
848 3140 970 3232 fuerit,
996 3135 1162 3238 aliquibus
1185 3147 1295 3210 tumen
1320 3139 1354 3211 in
1379 3137 1535 3214 Ecclesiis
1571 3147 1781 3242 permansit,
1809 3151 1956 3226 maxime

271 3293 336 3370 pro
360 3269 511 3344 infirmis.
540 3268 641 3368 Apud
665 3269 806 3342 Ivoncm
832 3269 940 3342 immo
965 3263 1105 3340 Concihi
1129 3261 1333 3338 Turonensis
1359 3265 1475 3340 Canon
1510 3263 1660 3366 legitur,
1695 3297 1763 3374 qno
1793 3275 1958 3354 sancitum

275 3408 322 3470 est
337 3421 374 3471 :a
395 3403 511 3471 omnis
531 3397 721 3496 presbyter
744 3393 878 3468 haheat
899 3394 1078 3494 pyxidem
1119 3407 1187 3467 out
1216 3417 1283 3468 nos
1315 3407 1418 3469 tanto
1451 3411 1690 3472 sacramento
1713 3400 1888 3501 dignum,
1915 3431 1957 3481 u-

273 3525 313 3598 bi
344 3550 478 3626 corpur
502 3523 652 3599 Domini
684 3548 767 3596 cum
799 3521 985 3620 diligentia
1012 3520 1233 3596 recordatur
1257 3521 1313 3594 od
1335 3525 1511 3596 uiaticum
1535 3525 1779 3602 recedentibtu
1802 3529 1848 3604 de
1871 3554 1954 3608 sae·

276 3653 396 3744 culo,
424 3677 520 3752 quoe
545 3667 693 3726 tanturn
716 3675 832 3726 sacra
857 3645 990 3736 ohlau'o
1016 3654 1178 3722 intincta
1201 3646 1306 3722 dehet
1330 3673 1403 3723 esre
1436 3657 1476 3724 in
1509 3659 1692 3753 rangttine
1723 3653 1884 3752 Christi,
1912 3675 1954 3733 ut

278 3782 455 3852 veraciter
479 3779 671 3878 Presbyter
692 3783 802 3877 possit
827 3776 945 3850 dicore
969 3773 1127 3870 infirmo:
1159 3770 1301 3872 Corpus
1325 3791 1362 3850 et
1386 3785 1542 3880 sanguis
1565 3782 1700 3856 domini
1722 3789 1844 3858 nostri
1867 3781 1955 3860 Iesu

280 3901 423 3978 Christi
442 3905 610 4004 proficiat
633 3905 700 3980 tihi
722 3910 763 3980 in
786 3908 1027 3980 renrissionem
1048 3915 1306 4002 peccauerint,
1326 3907 1367 3978 οἱ
1388 3913 1501 3982 vitam
1524 3925 1727 3984 aeternam.
1750 3909 1826 4010 Ipse
1850 3911 1953 3990 etlam
2113 3957 2117 3964 ·

274 4027 433 4104 Urbantu
457 4032 493 4103 II
518 4034 553 4104 in
579 4031 836 4107 Claromontano
860 4030 1017 4106 Concilio
1039 4033 1146 4130 ipso,
1172 4053 1241 4128 quo
1266 4053 1356 4104 sacra
1369 4033 1567 4129 proclamata
1583 4035 1751 4135 expeditio
1768 4041 1871 4116 ritum
1887 4038 1954 4118 hu·
2066 4019 2074 4109 l

278 4159 417 4232 iusmodi
441 4185 504 4257 pm
529 4161 667 4233 infirmis
690 4161 878 4259 permisisse
900 4157 1030 4236 videtin
1053 4159 1090 4232 in
1114 4155 1250 4232 Conone
1277 4155 1323 4229 28
1348 4159 1436 4258 apud
1460 4159 1647 4234 Beroniutu
1691 4161 1733 4237 ad
1756 4189 1812 4240 an.
1838 4169 1949 4270 ¹⁰9⁵,
2053 4234 2056 4245 .

277 4287 569 4372 hocenimCanon
592 4285 695 4360 babet
716 4307 754 4354 =
778 4287 838 4364 Ne
862 4291 944 4389 ‹pu's
969 4291 1209 4362 communiret
1233 4287 1278 4361 de
1302 4286 1421 4362 altori
1441 4291 1516 4364 nisi
1537 4311 1668 4392 corpus
1683 4299 1882 4393 separatim
1916 4313 1955 4374 et

274 4424 491 4522 sanguinem
514 4415 680 4491 siusiliter
700 4427 820 4489 mmet
844 4420 914 4490 nisi
934 4439 1002 4514 per·
1026 4417 1306 4510 necessilatem,
1332 4431 1368 4491 et
1392 4417 1595 4522 cornetan,
1623 4415 1710 4500 vit.
1728 4417 1823 4502 Bona
1839 4437 1872 4504 et
1884 4427 1955 4504 eius

280 4547 516 4624 Atmutoren
540 4538 616 4618 sab
639 4541 723 4622 Iler.
756 4539 827 4619 Iit.
852 4537 935 4620 Lib,
962 4539 1001 4618 11
1025 4543 1110 4646 cap.
1138 4539 1264 4668 XVIII
1288 4541 1322 4640 ς.
1349 4539 1420 4620 111.
