4884 6692
503 737 583 860 dito
616 733 801 857 camnici
825 757 889 852 rel
913 773 1017 844 retro
1046 749 1119 841 uel
1144 751 1264 835 iuxta
1291 745 1429 833 altare
1448 749 1601 826 stantes
1628 751 1789 826 carnem
1818 769 1854 828 r·
1881 737 1955 853 qui
1993 765 2180 852 pessmus

508 912 713 1002 invenisii.
743 901 903 994 Deinde
932 899 1006 986 alii
1032 891 1111 979 dno
1137 897 1183 978 in
1210 885 1344 976 medio
1372 881 1487 968 cliori
1512 899 1663 968 stantes
1692 879 1841 968 dicant.
1859 877 2037 970 Domine
2065 890 2181 973 mise

505 1055 592 1140 rere
611 1043 772 1138 nostri.
801 1041 947 1129 deinde
975 1035 1128 1125 chorus.
1157 1030 1342 1118 Chrisuis'
1367 1025 1555 1112 dominus
1583 1023 1708 1110 factus
1743 1044 1811 1108 est.
1842 1025 1956 1111 Puer
1992 1031 2063 1142 'qiu
2103 1030 2179 1110 erit

501 1201 546 1282 in
572 1194 737 1278 sinistra
756 1199 879 1300 'parte
908 1179 1012 1266 dicet
1040 1174 1153 1260 Kirie
1182 1171 1338 1258 cleison.
1367 1185 1407 1254 et
1424 1171 1496 1284 qui
1510 1169 1554 1250 in
1570 1163 1741 1250 dextera
1772 1165 1873 1250 kirie
1891 1167 2048 1251 eleison
2067 1165 2179 1252 dein-

504 1334 557 1419 de
584 1337 657 1452 qui
682 1336 726 1417 in'
753 1330 927 1414 sinistra.
955 1319 1147 1406 Christus·
1180 1314 1266 1429 Qui
1290 1313 1421 1397 iuxta
1436 1309 1564 1396 αῙιακ
1592 1325 1685 1398 ueni
1712 1305 1863 1392 dicam
1891 1306 1973 1416 Qui
2000 1371 2177 1396 .....

507 1480 592 1596 Qui
616 1482 662 1561 in
689 1471 820 1560 medio
848 1467 968 1553 cliori.
997 1461 1173 1546 Domine
1200 1455 1394 1539 miserere
1416 1451 1580 1536 Clioms.
1599 1448 1782 1535 Christus
1809 1451 2009 1540 Dominus
2036 1453 2173 1540 sactus.

500 1619 662 1712 Deinde
686 1647 790 1734 puer
817 1615 886 1728 qui
911 1626 970 1692 est
996 1611 1042 1689 in
1070 1599 1241 1685 dextera
1270 1595 1369 1684 kirie
1396 1594 1544 1682 eleison
1571 1597 1673 1680 siout
1696 1596 1833 1704 prins:
1860 1595 1946 1710 Qui
1971 1602 2090 1683 iuxta
2110 1600 2173 1686 al.

383 1749 394 1772 ⁹
499 1787 595 1850 tare.
625 1757 706 1865 Qui
734 1777 927 1867 expansus
955 1748 1073 1831 cruci.
1107 1743 1191 1858 Qui
1216 1746 1261 1826 in
1277 1734 1422 1858 ¹medio
1450 1733 1568 1819 ctam
1596 1733 1773 1818 Domine
1797 1735 1993 1820 miserere.
2017 1738 2171 1826 Cleonis

498 1905 678 1988 Christus
706 1897 915 1979 Dominus.
947 1890 1059 1975 Puer
1091 1877 1195 1970 alta'
1212 1911 1316 1968 voce
1353 1879 1460 1964 dicit.
1478 1945 1481 1952 .
1496 1873 1672 1960 Mortem
1713 1895 1849 1959 autem
1885 1879 2022 1962 crucis.
2059 1883 2174 1969 Tunc

496 2043 762 2156 immunisque
792 2031 901 2115 dicat
929 2045 1199 2140 paternoster
1236 2040 1274 2106 et
1311 2023 1505 2106 miserere
1541 2016 1704 2127 Respice
1738 2045 1958 2131 quesumus
2004 2019 2169 2110 domine

498 2219 618 2300 super
646 2182 755 2265 hanc.
785 2172 977 2262 Similiter
1003 2191 1043 2254 et
1069 2195 1207 2251 omnes
1234 2161 1313 2249 alie
1341 2163 1437 2246 lrore
1464 2157 1582 2244 ludus
1610 2155 1694 2241 diei
1719 2185 1812 2241 cum
1840 2159 1920 2244 luzo
1944 2160 2030 2246 sola
2049 2165 2166 2250 colle-

502 2347 568 2416 cta
597 2325 761 2437 Respice
789 2339 1006 2432 quesumus
1035 2308 1199 2395 domine
1212 2303 1444 2421 finiantur:
1474 2297 1652 2413 Ezpleta
1676 2303 1851 2384 oratione
1879 2297 2063 2387 minium
2092 2305 2174 2392 Pa.

494 2467 675 2560 triarclia
701 2461 774 2550 vel
793 2461 911 2573 prior
918 2451 1037 2566 facit
1063 2455 1234 2535 sonimm
1261 2449 1371 2532 trina
1393 2448 1651 2562 percussione
1677 2439 1785 2528 sedis
1820 2473 1891 2526 sue
1920 2439 2024 2530 dam
2050 2449 2165 2536 sci'li'.

496 2635 558 2704 cet
585 2616 747 2726 siguum
774 2621 818 2687 nt
844 2599 1000 2686 &iruna
1027 2587 1307 2678 accendantur.
1338 2588 1474 2678 Simili
1498 2585 1637 2673 'ordine
1652 2583 1737 2700 βαι
1772 2586 1818 2668 in
1844 2602 1966 2672 senta
1977 2585 2102 2699 feria
2131 2611 2169 2679 et

461 2819 462 2822 1
491 2761 652 2846 -salibato
680 2765 846 2864 excepto
874 2735 981 2858 qiud
1000 2737 1194 2856 prostrati
1219 2737 1435 2819 manebunt
1470 2737 1514 2816 in
1538 2732 1773 2846 pauimento
1806 2741 1846 2812 'ct
1881 2747 1940 2812 est
1967 2725 2087 2817 Coll·
2142 2819 2144 2822 ,

495 2964 506 2985 0
632 2959 643 2978 ο
764 2951 773 2970 ·
891 2938 908 2989 ,1
1030 2941 1040 2964 ·
1163 2943 1173 2963 ·
1291 2935 1302 2963 ⁹
1417 2935 1427 2957 '
1522 2971 1525 2979 ,
1540 2935 2169 2968 ······

276 2997 289 3036 Q
340 3022 347 3060 ⁸
609 3037 701 3122 Post
728 3029 889 3117 tertiam
911 3019 1094 3139 pulsetur
1117 3022 1249 3105 maior
1275 3043 1478 3130 campana
1511 3009 1572 3098 ad
1595 3013 1920 3131 congregantium
1948 3049 2169 3142 congrege.

493 3155 618 3268 tiones
648 3174 929 3261 canonicorum
967 3158 1254 3246 nionaolioium
1291 3153 1523 3250 clericorum
1560 3151 1765 3238 laicorum
1793 3157 1925 3244 Facto
1960 3183 2163 3252 conuentu

489 3323 742 3437 processione
753 3325 904 3427 paratu
922 3307 1032 3390 lltunl
1049 3299 1109 3386 ad
1124 3315 1307 3383 sanctum
1320 3296 1497 3380 mariam
1516 3297 1662 3422 niontis
1680 3325 1795 3408 syon
1812 3297 2054 3386 Patriarclia
2068 3335 2162 3390 cum

493 3461 677 3546 crucilrus
708 3473 745 3538 et
803 3515 812 3535 .
869 3511 879 3533 .
1071 3503 1081 3528 .
1139 3438 1449 3552 erumpe-iu.
1478 3450 1515 3518 et
1543 3431 1732 3548 ampullis
1758 3441 1879 3522 novis
1916 3467 2012 3526 cum
2048 3441 2159 3528 claro

492 3571 529 3690 et
558 3575 724 3712 limpido
750 3588 835 3676 oleo
865 3590 908 3668 in
937 3583 1068 3670 limeis
1104 3581 1242 3665 sen'cis
1285 3575 1502 3662 involutis.
1540 3579 1597 3662 ilii
1629 3607 1862 3694 inmqioeque
1899 3595 2156 3698 congregatio

491 3741 657 3828 adducit
686 3733 901 3820 ducenum
928 3743 966 3810 et
993 3718 1277 3810 subdiaconum
1300 3735 1466 3830 paratos
1503 3715 1565 3801 ad
1588 3717 1873 3831 coiyectionem
1910 3727 2024 3806 sacri
2057 3726 2162 3814 cliri-

489 3886 654 3972 smatis.
682 3893 722 3972 et
748 3901 886 3957 omnes
913 3863 1137 3984 sacerdotes
1159 3855 1412 3976 parochiales
1439 3863 1541 3948 sicut
1567 3857 1630 3943 ad
1653 3862 1900 3950 contundam
1929 3871 2098 3954 musam
2116 3887 2154 3953 et

484 4025 641 4137 priores
668 4031 707 4101 et
733 4015 870 4098 abates
898 4025 936 4092 et
963 4005 1137 4120 episcopi
1170 3997 1356 4085 sinuum·
1395 4035 1532 4090 omnes
1560 4021 1677 4090 erunt
1702 3991 1838 4091 inditi
1875 4003 2157 4126 sollempnibus

489 4160 742 4250 indumentis.
774 4156 857 4241 Hic
884 4148 1068 4235 domium
1098 4143 1336 4232 Patriorclia
1364 4163 1589 4232 sermonem
1610 4145 1729 4259 facit
1757 4163 1795 4232 et
1824 4145 1951 4264 finito
1978 4181 2161 4239 sermone
2251 4167 2254 4174 ’

390 4295 398 4314 ’
490 4295 813 4388 Areliidiaconus·
834 4281 1066 4376 introductis
1097 4283 1360 4396 penitentibus
1397 4281 1569 4369 adiuuet
1605 4283 1667 4369 ad
1706 4286 1997 4374 Patriarclmm.
2045 4287 2160 4376 Tunc

492 4444 662 4555 incipiet
681 4422 830 4554 septem
854 4429 1033 4548 psaltrias
1064 4419 1346 4539 penitentiales
1391 4427 1476 4510 sine
1519 4425 1669 4512 letania
1706 4442 1745 4511 et
1774 4423 1915 4538 faciet
1950 4427 2156 4515 absolutio-

490 4588 583 4704 r'iem
609 4573 682 4692 (1).
703 4571 865 4662 Deinde
893 4566 1033 4700 centor
1058 4559 1223 4678 incipiet
1252 4563 1435 4681 efficium.
1464 4562 1549 4652 Nos
1575 4583 1711 4651 eutem
1740 4566 1898 4680 gloriari
1917 4588 2084 4680 oportet„
2100 4568 2160 4654 ki·

592 4946 653 5052 (i)
678 4947 777 5044 Quae
802 4945 938 5048 mtiqun'
958 4943 994 5018 in
1017 4937 1141 5016 Christi
1166 4935 1311 5013 Ecclesia
1337 4935 1416 5011 ferie
1441 4935 1505 5010 hac
1530 4937 1564 5008 V
1583 4943 1622 5012 i'ri
1639 4960 1756 5018 coena
1769 4937 1930 5038 Domini,
1949 4939 2018 5019 sii-e
2035 4947 2074 5016 i'n
2091 4963 2162 5018 na·
