4914 6610
1042 621 1218 740 (¹⁴51)

303 816 341 884 et
369 789 586 908 aliquando
604 819 727 905 prope
751 787 907 896 Netum·
925 795 1050 877 vitam
1077 794 1225 880 ducens
1236 793 1509 898 Eremiticam,
1525 789 1583 878 ihi
1610 822 1733 882 suum
1751 817 1976 890 extremum

308 940 448 1026 clausit
476 935 596 1020 diem.
615 930 738 1040 Quid
766 957 861 1017 vero
891 933 1013 1018 Italus
1041 937 1164 1020 homo
1192 965 1286 1020 cum
1303 957 1436 1020 nostro
1456 934 1693 1019 Germano?
1712 936 1823 1045 Quid
1853 933 1984 1028 Fran'-

307 1083 481 1166 ciscanus
509 1103 605 1159 cum
634 1071 907 1160 Cisterciensi?
936 1075 1047 1192 Quid
1076 1072 1206 1160 Sicilia
1235 1105 1329 1159 cum
1348 1075 1591 1160 Palaestina?
1612 1075 1798 1174 Attamen
1819 1076 1978 1164 Rochus

304 1222 442 1303 Pirrns
470 1214 648 1332 (Sicilia
677 1213 832 1329 Sacra)
861 1244 1011 1300 necnon
1048 1236 1088 1298 et
1115 1212 1336 1300 Canonicus
1364 1213 1541 1327 Campus
1569 1213 1586 1329 (
1616 1217 1716 1302 Vita
1746 1221 1791 1306 lt
1828 1223 1979 1306 Conra-

311 1357 379 1468 di)
407 1379 456 1442 ut
484 1387 570 1441 rem
597 1355 648 1440 ab
677 1357 771 1469 ipsis
799 1385 901 1468 pene
930 1377 1175 1468 compertam
1213 1352 1410 1453 dederunt
1438 1358 1475 1437 S.
1505 1353 1738 1440 Conradum
1776 1363 1848 1474 qui
1876 1361 1981 1445 Neti

308 1499 480 1603 colitur,
510 1496 585 1583 ooli
615 1501 735 1582 etiarn
763 1497 978 1610 Melphicti.
1008 1495 1092 1581 Nec
1121 1493 1164 1580 id
1194 1517 1379 1602 tantum,
1407 1494 1477 1582 sed
1505 1513 1545 1579 et
1574 1494 1751 1580 fabulam
1780 1495 1832 1582 de
1867 1497 1978 1582 furto

307 1645 443 1759 capitis
470 1637 609 1724 Netini
628 1639 758 1724 Sancti
781 1636 1170 1752 aMelphictensihus
1197 1655 1349 1747 patrato
1363 1639 1608 1770 effinxerunt.
1626 1633 1846 1752 Postquam
1871 1639 1980 1721 enim

312 1786 449 1870 Pirrus
477 1781 530 1868 de
558 1803 671 1884 ortu,
699 1778 830 1894 deque
858 1778 974 1864 obitu
1002 1777 1137 1862 Netini
1165 1777 1352 1880 Petroni,
1381 1776 1512 1892 deque
1541 1784 1627 1865 eius
1655 1779 1767 1864 cultu
1796 1811 1818 1888 a
1847 1778 1982 1862 Leone

305 1925 346 2010 X
380 1929 561 2038 primum
590 1947 782 2023 concesso,
805 1940 894 2002 tam
923 1949 946 2002 a
973 1915 1099 2000 Paulo
1129 1915 1248 2002 Illac
1276 1915 1445 2004 demum
1472 1922 1524 2007 ab
1552 1920 1717 2008 Urbano
1745 1920 1850 2026 VIII
1887 1951 1981 2005 con·

317 2063 475 2150 firmato
503 2063 621 2146 latius
649 2056 914 2162 disseruisset,
942 2056 1037 2144 haec
1065 2057 1210 2147 deinde
1238 2058 1407 2145 addit:
1430 2066 1480 2148 In
1510 2063 1659 2176 Apulia
1697 2067 1852 2164 etiam,
1885 2062 1982 2144 urhe

313 2205 542 2318 Melplu‘cta
570 2198 786 2315 aragnfice
822 2199 1000 2302 colitur,
1047 2197 1226 2282 tutelaris
1273 2216 1311 2283 et
1343 2206 1578 2312 protectoris
1617 2205 1809 2306 immine3
1845 2229 1973 2313 neque

298 2348 468 2463 frustra
486 2345 559 2428 icoc
587 2343 695 2427 tituto
721 2338 892 2455 gaudet,
920 2338 1019 2424 dian
1046 2335 1182 2422 senui·
1201 2341 1423 2424 Civitatem
1460 2340 1697 2424 mirabiliter
1723 2341 1774 2422 ab
1803 2337 1975 2420 ltostium

316 2484 524 2573 Gallorum
551 2485 768 2596 irmptione
795 2511 915 2594 super
941 2510 1075 2564 muros
1104 2508 1305 2593 apparens
1334 2467 1544 2584 It‘beravit,
1568 2496 1605 2563 et
1624 2511 1745 2593 saepe
1764 2507 1895 2594 aqrtae
1907 2509 1979 2592 pe-

309 2631 430 2712 naria
457 2625 722 2708 labormrtibus
744 2626 949 2734 ‘copiosam
970 2621 1164 2734 pluviam
1191 2623 1331 2702 emisit.
1349 2618 1449 2704 Illac
1460 2616 1586 2728 farto
1605 2617 1785 2700 ablatam
1810 2653 1978 2708 sacrum

310 2785 429 2882 caput
457 2793 610 2880 magna
639 2767 682 2846 in
710 2765 971 2847 veneratione
1000 2760 1177 2849 trahetur.
1203 2786 1245 2850 t:
1265 2758 1373 2842 Haec
1402 2759 1539 2842 Pirrus
1569 2783 1724 2846 secutus
1753 2758 1984 2877 Campum,

311 2915 374 2998 cui
403 2931 506 2994 certe
535 2907 718 3020 quamvis
746 2902 841 2988 clari
869 2905 1042 2986 nominis
1069 2903 1250 3010 scriptori
1279 2929 1360 2982 non
1388 2900 1594 3003 historicae
1625 2907 1779 2988 veritati
1794 2967 1808 3014 2
1825 2903 1896 2990 sed
1924 2889 1982 2990 in*-

315 3052 430 3166 genio
458 3079 532 3134 suo
563 3043 750 3132 velificari
778 3041 961 3128 studium
989 3040 1067 3126 fuit
1095 3039 1167 3158 (1).
1189 3039 1326 3124 Mirari
1357 3069 1451 3124 vero
1479 3042 1587 3150 subit
1614 3044 1891 3132 Bollandianos
1926 3075 1984 3129 sa-

310 3218 420 3306 gaces
448 3211 551 3274 certe
579 3210 619 3272 et
646 3186 893 3273 doctissimos
921 3185 1026 3268 viros
1053 3213 1132 3268 non
1162 3178 1348 3284 fabellam
1378 3187 1653 3294 subodoratos‚
1682 3193 1864 3304 quamvis
1901 3217 1983 3274 non

309 3343 362 3422 ita
389 3335 493 3416 Pirri
521 3332 793 3414 auctoritatem
821 3326 1051 3412 admiserint
1078 3347 1125 3409 ut
1153 3327 1206 3426 de
1235 3331 1464 3430 narrationis
1493 3336 1655 3432 yerimte
1695 3331 1804 3420 haud
1851 3332 1979 3415 0mni.

312 3507 365 3562 no
392 3471 672 3558 dubitaverint.
700 3471 920 3580 Postquam
948 3470 1056 3554 enim
1086 3465 1202 3562 illius¹
1224 3470 1365 3572 verba,
1380 3501 1482 3584 quae
1500 3473 1978 3580 retulimtisssecitassent,

317 3621 411 3704 haec
439 3610 743 3698 addiderunt:
763 3606 921 3695 Eiidem
949 3607 1022 3690 alii
1047 3603 1211 3690 tradunt
1238 3612 1555 3724 scriptores‚sed
1568 3634 1659 3698 sunt
1679 3621 1748 3730 qai
1773 3645 1851 3698 raon
1871 3615 1978 3698 lana

312 3762 511 3847 Netinam
545 3749 779 3838 Conmdam
806 3747 884 3834 coli
910 3747 991 3846 illic
1015 3745 1036 3862 (
1052 3745 1291 3866 Melphicti)
1321 3757 1526 3856 scritum,
1555 3753 1632 3839 sed
1665 3754 1790 3866 αζίμηι
1818 3758 1979 3835 natione

315 3899 497 4000 Gallina,
525 3901 600 4011 qui·
621 3890 759 3978 eodem
785 3907 916 3976 tractu
962 3895 1090 3977 'eitam
1118 3893 1453 3976 Artacltoreticam
1481 3901 1614 4010 egerit.
1631 3897 1733 4004 ¹Nos
1762 3892 1877 3978 milla
1906 3893 1980 4012 ad·

311 4039 389 4122 lma
419 4033 698 4148 Melplrictnna
720 4047 991 4122 ,momnaema
1037 4029 1251 4134 victima,
1279 4033 1386 4138 zade
1425 4043 1526 4133 certi
1562 4037 1764 4154 quiddam
1804 4055 1978 4120 statmre

312 4175 525 4262 valeamus
553 4203 596 4268 n
626 4174 754 4259 Nobis
780 4175 883 4260 olim
910 4172 1039 4290 legere
1067 4171 1211 4256 datum
1242 4175 1472 4290 exemplum
1512 4177 1770 4290 aMelphicti
1797 4172 1984 4286 Syndicis

1814 4409 1982 4430 m

334 4504 338 4519 ⁹
417 4535 473 4636 (1)
491 4533 645 4633 Legenda
665 4533 805 4648 ‘omnino
830 4563 915 4638 quae
940 4535 983 4611 de
1009 4538 1074 4612 fide
1100 4537 1199 4612 relius
1220 4541 1255 4611 in
1279 4537 1442 4614 historicis
1466 4541 1624 4639 praeclari
1651 4531 1804 4647 alioquin
1822 4551 1887 4624 viri
1907 4549 1986 4626 Pia-

324 4665 441 4739 centini
463 4667 562 4737 Vitae
587 4661 626 4736 S.
648 4663 802 4736 'Gorrradi
835 4665 1004 4763 scriptorls'
1033 4667 1247 4772 doctissimus
1279 4665 1436 4745 sollerius
1466 4672 1500 4745 in
1526 4671 1619 4748 Actis
1644 4673 1698 4748 ὃς.
1738 4677 1780 4752 ad
1815 4677 1905 4753 diem
1931 4677 1983 4753 IV

321 4789 397 4864 Iulii
422 4795 588 4864 occasione
614 4789 652 4864 S.
681 4791 838 4864 Antonini
864 4793 1008 4891 scripsit.
1037 4791 1202 4868 Nauseam
1225 4793 1284 4867 sibi
1320 4795 1431 4872 secisse
1454 4799 1641 4875 'adfirmare
1683 4802 1772 4876 haud
1803 4801 1981 4876 dubitavit.

331 4915 417 4990 Tam
442 4915 608 4992 iacileest
632 4915 823 4990 hominibus
846 4917 945 4992 etiam
971 4917 1120 4994 doctrina
1144 4922 1331 4998 clarissimis
1356 4923 1488 5001 Patriae
1512 4953 1627 5004 amore
1651 4925 1792 5026 abripit

23 5563 394 5982 ..μγ
495 5635 502 5641 ·
