4820 6604
235 507 612 673 dicerentur.⁸
652 523 744 664 Id·
771 579 977 716 porro.
998 533 1036 661 ¹a
1083 530 1538 723 'clarissimorum
1570 525 1922 699 hominum',

245 795 607 932 quosquam
633 745 1010 872 amicissimos
1042 739 1269 900 habeo,
1288 731 1688 916 humanitate,
1724 747 1921 918 etbe-

232 953 586 1088 ·nevolentia
609 1065 611 1072 .
631 953 740 1080 fuit
770 955 1134 1130 praestitum
1180 948 1373 1108 mihi,
1405 941 1926 1114 unde'faetumssfut
2058 1108 2061 1116 ¹

245 1163 489 1336 alacrior
533 1165 882 1340 impositum⁵
923 1157 1185 1286 subirem
1232 1207 1409 1287 onus.
1458 1157 1550 1287 Ea
1581 1155 1731 1288 vero
1760 1203 1918 1350 spes,

228 1409 308 1500 ut
354 1369 450 1544 hie
498 1371 691 1500 obiter
721 1363 916 1494 dicam
939 1462 962 1521 ,γ
997 1373 1195 1494 animo
1228 1367 1444 1496 insidet
1465 1372 1654 1528 ,fore
1687 1375 1921 1504 torui·-
2040 1405 2062 1428 “

223 1592 385 1762 gatis
434 1588 551 1737 iis,
602 1625 760 1754 quae
808 1623 883 1700 ex
929 1582 1195 1732 nostris,
1247 1625 1400 1754 qrros
1448 1575 1744 1737 vidimus,
1789 1579 1916 1713 'Co

238 1791 467 1922 dicibus
522 1789 925 1962 excerpsimus
970 1781 1394 1916 Ecclesiastieis
1453 1796 1911 1954 monumentiS,
1977 1809 1982 1821 '

233 1999 439 2182 plures
485 1992 577 2122 alii
624 2024 684 2117 et
729 1993 994 2120 fortassis
1040 2001 1418 2173 pretiosiores
1469 1989 1756 2152 Codices,
1807 2010 1914 2177 qui

72 2325 77 2336 .
226 2256 402 2342 ‚nune
443 2212 505 2331 in
552 2198 814 2328 tenebris
862 2231 922 2324 et
968 2197 1216 2378 pulvere
1263 2211 1500 2360 iacent,
1553 2253 1630 2330 ex
1678 2239 1908 2336 nostra

44 2498 49 2506 ·
115 2476 122 2488 ·
225 2465 367 2560 rum
389 2450 390 2457 ‘
412 2409 818 2541 Ecclesiarum
861 2405 1168 2580 tabulariis
1210 2417 1270 2536 in
1319 2409 1517 2538 lucem
1564 2403 1910 2590 prodeant,

231 2672 458 2801 eosque
506 2616 715 2750 eruditi
756 2623 920 2788 riri,
956 2618 1192 2794 ‘quibus
1237 2613 1352 2745 hae
1415 2655 1657 2780 nostrae
1720 2623 1909 2756 abum

225 2831 374 2978 dant
420 2840 737 3008 regioneS,
790 2821 1064 3003 ampliori
1113 2860 1172 2950 et
1232 2833 1511 3004 penitiori
1567 2824 1907 2966 eruditione

228 3038 564 3196 ornandos,
610 3028 1190 3216 atque'iliustrandos
1223 3043 1564 3216 suscipiant.
1596 3033 1722 3196 Ita,
1740 3039 1912 3216 quod

226 3248 622 3378 uehementer
669 3283 874 3427 epte,
904 3245 1026 3410 fiet,
1049 3279 1134 3370 ut·
1167 3243 1331 3423 quod
1354 3289 1499 3373 meo
1533 3240 1702 3372 deest
1735 3257 1909 3427 operi

225 3461 300 3593 ab
349 3456 472 3584 aliis
519 3445 806 3632 deinceps
854 3449 1223 3632 suppleatur.
1272 3449 1455 3582 Nune
1501 3500 1646 3582 rero
1662 3552 1719 3613 ,
1711 3453 1906 3634 quod

221 3717 427 3796 meum
472 3667 648 3792 fuerit
698 3657 1069 3854 eonsilium,
1116 3694 1184 3787 ut
1227 3667 1483 3838 primam
1541 3697 1774 3796 tantum
1826 3713 1904 3794 o-
1957 3674 1961 3686 ’

217 3883 376 4057 petis
423 3880 566 4000 mei
589 3905 831 4051 partem·
869 3876 1155 4048 primum
1177 3867 1459 4029 ederem,
1510 3825 1904 4028 candidus‘a·¹

33 4210 43 4228 ,
195 4093 477 4266 ..periam
513 4077 659 4250 Non
706 4075 991 4258 equidem
1045 4074 1257 4206 mihi
1243 4129 1305 4208 m
1349 4049 1704 4214 Provinciae
1765 4131 1905 4212 um-·

212 4293 320 4434 bra
368 4289 608 4470 degenti
653 4336 798 4472 mea
836 4293 1090 4472 scripta,
1116 4333 1449 4464 eorumque
1476 4285 1906 4470 singulesparss'

212 4513 337 4659 tes,
388 4535 455 4627 ut
503 4505 763 4626 maxime
808 4529 1150 4674 optassem,
1202 4545 1340 4644 eum
1376 4493 1647 4626 'Eruditis
1694 4507 1757 4631 in
1789 4551 1905 4634 an«.

212 4705 581 4882 tiquitatibus
624 4676 1042 4842 Ecclesiastiois
1088 4713 1224 4832 viris
1273 4713 1769 4866 communicare,
1819 4731 1897 4838 'et'

211 4963 287 5066 ex
333 4911 569 5056 illorum
615 4919 852 5048 monitis
884 4916 1028 5071 ‚ster
1085 4913 1698 5064 animadversionibus
1754 4969 1895 5071 rore,
