4884 6692
977 937 979 942 ·
1016 869 1189 963 Sabbata
1219 871 1365 960 Sancto

259 933 285 1069 3.

253 1276 255 1303 t
461 1203 577 1288 Hora
608 1208 728 1282 sexta
756 1183 997 1277 Palrzarcltn
1024 1215 1118 1271 cum
1149 1187 1333 1299 personis
1360 1187 1443 1267 suis
1479 1179 1762 1301 adfinganeis
1810 1195 1852 1270 cl
1885 1197 2024 1288 ceteris

241 1326 254 1410 s
345 1342 506 1428 clericis
534 1343 656 1423 intrat
686 1327 911 1418 Ecclesiam
938 1343 976 1412 et
1004 1322 1185 1414 ascendit
1212 1329 1257 1408 in
1275 1327 1548 1408 revestiarium
1566 1327 1635 1410 ati
1649 1355 1693 1410 se
1712 1329 1909 1440 preparat
1928 1356 2022 1413 eum

344 1789 454 1885 ¹gimus
477 1785 557 1856 n'tus
580 1783 637 1882 qui
654 1783 687 1855 in
705 1773 853 1851 Ecclesia
861 1754 1332 1873 Melphictensi‚elRubcstins
1345 1769 1596 1846 adlsibelnntur.
1613 1785 1649 1832 Ε
1665 1769 1814 1848 Fuenmt
1830 1801 1913 1852 vero
1928 1791 2019 1852 utra·

344 1937 414 2014 que
451 1899 486 1986 in
522 1908 671 1983 Ecclesia
679 1931 779 2006 pene
803 1903 934 1978 similes.
964 1891 1145 2002 sicigitur
1182 1905 1218 1977 in
1242 1901 1327 1976 Mss.
1355 1899 1483 1974 Missali
1522 1897 1769 1999 Melphtctcnsis
1791 1902 2025 1982 Ecclesiae:

348 2037 450 2113 Dum
474 2037 707 2140 supradictae
733 2030 885 2130 (salices
925 2029 1045 2128 hymni
1070 2030 1193 2103 Lustra
1224 2051 1279 2098 sex
1304 2025 1321 2124 )
1347 2022 1496 2124 strophe
1537 2041 1745 2102 cantantur
1769 2027 1890 2106 Palla
1925 2057 2028 2132 super

349 2165 493 2241 tobalea
518 2157 732 2239 ectendimr
754 2173 788 2233 et
812 2157 1002 2260 corporale
1026 2185 1053 2232 a
1077 2157 1247 2236 Diacono
1272 2177 1382 2253 super
1402 2151 1547 2252 pallam
1580 2155 1751 2227 sacerdos
1788 2179 1872 2231 cero
1897 2145 2026 2258 corpas

345 2285 486 2364 domini
515 2288 617 2388 quod
633 2286 751 2387 pridie
763 2284 900 2388 ficerat
923 2299 1145 2364 reservatum
1167 2291 1208 2362 in
1231 2287 1311 2360 loco
1342 2282 1566 2357 convenienti
1597 2297 1802 2358 reverenter
1835 2293 1939 2381 ponit
1963 2312 2024 2360 su-

335 2439 406 2516 per
424 2431 599 2515 patenam
624 2428 659 2488 et
683 2413 871 2514 corporali
890 2433 1005 2511 parvo
1026 2412 1163 2511 plicato
1197 2416 1395 2512 cooperta't.
1426 2408 1557 2484 linita
1589 2422 1713 2483 autem
1738 2410 1859 2487 crucis
1891 2415 2028 2490 adoru-
2067 2469 2072 2480 -

339 2547 440 2618 tione
463 2545 625 2615 sacrista
650 2539 705 2620 rel
728 2538 825 2612 alius
849 2538 904 2612 ad
924 2534 995 2611 mc
1019 2544 1226 2638 assignatus
1253 2544 1392 2637 reponit
1415 2561 1560 2618 caecam
1585 2541 1626 2610 in
1651 2537 1731 2620 loco
1755 2563 1822 2612 suo
1840 2565 1948 2640 super
1964 2543 2021 2616 al-

300 2661 304 2670 ’
342 2681 424 2744 tare
448 2681 486 2741 et
509 2663 680 2740 accendit
704 2661 905 2738 luminaria
930 2670 1034 2738 circa
1044 2665 1209 2740 altareet
1224 2666 1391 2743 accendit
1409 2661 1627 2764 (*).Postea
1651 2663 1807 2738 obmissa
1831 2664 2026 2766 corffessio·

339 2821 386 2870 ne
423 2805 598 2868 consueta
622 2789 784 2865 Sacerdos
810 2816 892 2865 cum
917 2794 1086 2868 mirtistris
1128 2794 1182 2868 ad
1214 2779 1335 2871 altam
1366 2793 1523 2868 accedit.
1551 2791 1677 2866 deinde
1708 2791 1899 2885 draconta
1937 2819 2020 2872 cum

341 2925 508 2998 ministris
533 2917 662 2994 abiens
686 2919 740 2992 ad
761 2919 878 2994 lacum
902 2920 1072 2997 dandami
1092 2930 1251 3024 corporis
1276 2923 1409 3000 ibidem
1447 2935 1625 3022 preparat
1665 2920 1818 2996 calicem
1842 2948 1925 2998 cum
1959 2933 2019 3002 a:

341 3073 391 3155 reo
414 3073 518 3140 puro.
556 3047 637 3148 Quo
671 3035 797 3121 taliter
823 3063 1023 3146 preparato
1053 3065 1233 3149 pateream
1262 3076 1346 3126 cam
1376 3072 1524 3149 corpore
1557 3050 1696 3126 domini
1726 3064 1895 3148 cooperto
1929 3053 2013 3128 dili-

343 3191 472 3276 genter
494 3179 709 3277 superponit.
744 3173 848 3251 Tunc
873 3175 929 3248 ad
958 3177 1079 3252 altare
1106 3176 1183 3254 luae
1213 3173 1340 3254 ordine
1360 3177 1582 3277 procedant:
1613 3175 1742 3252 Primo
1773 3175 1936 3275 procedit
1974 3201 2015 3252 u·

338 3327 417 3378 ‚nus
441 3327 522 3378 cum
551 3301 734 3379 mattae
746 3301 1029 3406 fimtigcntem,
1055 3327 1163 3406 quem
1186 3317 1370 3384 secuntur.
1392 3303 1466 3378 duo
1488 3315 1696 3404 portantes
1721 3298 1922 3376 luminaria
1954 3301 2016 3376 ds-

340 3457 439 3506 mum
461 3431 715 3534 subdpaconus
738 3427 936 3532 ampullam
961 3455 1072 3532 aque.
1096 3449 1177 3533 post
1201 3429 1270 3507 lros
1285 3435 1379 3506 venit
1390 3429 1565 3504 diaconus
1583 3426 1747 3531 deferens
1763 3429 1912 3504 calicem
1929 3453 2014 3504 cum

338 3581 486 3658 corpore
501 3558 649 3655 domini.
684 3555 778 3632 Cain
802 3570 923 3630 autem
946 3557 1001 3630 ad
1020 3558 1143 3634 altare
1168 3556 1437 3656 venaanflserit
1461 3558 1652 3656 dyaconem
1676 3557 1829 3633 traderes
1853 3554 2012 3632 calicem
2065 3665 2067 3668 Ι
2138 3583 2141 3590 ’

341 3685 566 3761 subdiacono
581 3692 766 3785 accipiens
786 3699 965 3785 patenam
990 3709 1073 3760 cum
1098 3708 1250 3788 corpore
1279 3683 1415 3760 Christi
1437 3684 1566 3788 offeret
1590 3683 1785 3762 Sacerdoti
1813 3690 1877 3786 qui
1893 3691 2009 3784 ipsum

343 3805 436 3880 stibii
458 3807 614 3884 dicendo
639 3811 791 3886 collocet
815 3835 923 3910 super
948 3811 1070 3888 altare
1095 3827 1132 3888 et
1155 3819 1262 3915 sup&
1304 3815 1501 3914 corporale.
1535 3811 1705 3916 Cunrque
1741 3813 1932 3914 dyaconem
1957 3840 2011 3890 re·

323 3939 528 4034 ‚stanpserit
551 3939 701 4012 calicem
724 3937 904 4015 Sacerdos
929 3958 1088 4040 accepta
1113 3943 1280 4038 ampulla
1305 3939 1353 4018 de
1377 3968 1491 4018 marm
1514 3943 1745 4044 srebdfflconi
1767 3965 1909 4046 aquam
1926 3949 2009 4018 eino

334 4086 437 4158 pum¹
455 4067 664 4140 conaniscet·
684 4067 723 4140 in
745 4065 899 4140 calicem
923 4065 1017 4142 nilril
1038 4068 1176 4144 dicens.
1203 4071 1383 4146 diaconus
1407 4070 1562 4145 calicem
1586 4066 1747 4146 collocat
1771 4071 1810 4142 in
1837 4066 1957 4145 altare
1973 4086 2010 4144 et

337 4193 527 4292 corporali
539 4199 700 4292 cooperit
723 4208 853 4268 neuun
879 4191 1023 4296 dauid
1042 4184 1200 4270 dicente.¹
1227 4197 1313 4298 Quo
1337 4197 1482 4298 expleto
1507 4222 1603 4274 mare
1628 4211 1796 4274 consueto
1807 4196 1865 4293 fit
1888 4200 2013 4276 incen-

338 4327 432 4396 satio
458 4347 486 4396 a
509 4319 712 4396 Sacerdote
742 4321 885 4398 dicente
910 4323 1090 4398 Incensum
1117 4322 1208 4400 istm
1232 4335 1297 4398 etc.
1322 4339 1451 4423 postea
1476 4325 1638 4400 inclinat
1663 4349 1704 4402 se
1736 4324 1858 4400 dicens
1886 4326 1922 4401 in
1947 4326 2018 4428 spi·

340 4449 406 4524 ritu
429 4447 632 4524 humiliatis.
665 4445 936 4553 consequenter
957 4449 1051 4528 dicit
1074 4456 1111 4528 in
1138 4465 1232 4528 nota
1254 4443 1434 4528 consueta
1468 4452 1645 4530 absente.
1688 4479 1820 4530 aremus
1852 4455 2018 4556 preceptis

343 4573 542 4651 alacribus
567 4577 684 4652 moniti
709 4589 743 4650 et
767 4574 882 4653 divine
906 4591 970 4652 etc.
997 4567 1245 4656 paternoster.
1278 4578 1423 4656 Clrorus
1446 4578 1652 4681 respondet.
1682 4582 1740 4660 sed
1776 4582 1881 4660 libem
1903 4607 1968 4658 nos
1993 4605 2015 4654 s

345 4704 437 4780 malo
462 4737 499 4786 :s
520 4703 639 4780 Celere
662 4704 858 4780 omittuntur
880 4717 994 4804 utpote
1023 4704 1190 4780 hodiernis
1214 4704 1349 4780 similia.
1377 4703 1479 4782 Nulla
1510 4707 1547 4784 in
1580 4722 1724 4812 ustoque
1748 4707 1873 4784 Maseli
1907 4707 2018 4784 eleve-

345 4831 442 4906 tionis
465 4831 589 4907 hostiae
612 4833 768 4927 mutio,
796 4843 830 4906 et
853 4831 888 4905 in
920 4845 1062 4934 nanque
1085 4833 1262 4910 adnotetur
1286 4837 1466 4914 omionem
1495 4837 1650 4916 Domine
1675 4838 1764 4914 Iesu
1791 4813 2018 4931 Christefili

448 4955 499 5057 (·)
532 4954 733 5036 Rubesinns
763 4953 866 5036 habe
889 4945 1067 5038 amelius
1089 4967 1191 5042 circa
1214 4961 1334 5044 altare
1358 4964 1480 5044 omino
1504 4970 1641 5069 repetito
1666 4963 1852 5042 accendit.
