4884 6692
1244 538 1261 652 (
1293 537 1346 640 24
1377 535 1395 654 )

881 789 887 813 ,
1069 703 1142 791 Ad
1168 707 1338 792 Nonam
1367 707 1606 821 Antzplrono„

602 847 650 934 Α.
683 843 860 931 Crastina
888 847 961 929 erit
989 843 1103 930 robis
1131 842 1234 930 salus

604 991 703 1101 Cap.
732 986 1068 1099 supermontem
1098 983 1296 1073 excelsum
1326 1017 1399 1082 ase,

597 1163 632 1220 a.
665 1105 798 1210 Hodie
826 1129 954 1214 scietis
981 1131 1075 1242 quia
1104 1131 1235 1212 veniet
1263 1127 1328 1216 do.

596 1290 631 1350 u.
660 1266 864 1360 Costantea
893 1287 1012 1352 estote
1041 1263 1225 1352 videbitis

510 1409 582 1500 Ad
606 1439 801 1524 vesperas
836 1412 987 1497 Cantor
1014 1409 1077 1500 vel
1103 1442 1208 1502 unus
1247 1411 1298 1496 de
1328 1409 1482 1496 daubus
1521 1412 1778 1502 Archiclmrm
1798 1414 1962 1528 sertim
1991 1425 2127 1538 incipit

1189 1551 1272 1635 hec.
1292 1553 1453 1663 Amph,
1669 1581 1689 1632 ἑ·

200 1347 214 1402 r

590 1693 676 1778 Rex
706 1686 894 1808 pacificus
922 1719 1050 1806 magn.

589 1835 655 1930 Ps.
684 1829 862 1916 Laudate
890 1835 1006 1944 pueri
1035 1831 1247 1940 domiuum
1276 1835 1351 1922 lau.

593 1978 642 2058 A.
671 1969 947 2089 Magnificatur»
975 1992 1032 2054 est
1061 2000 1128 2056 rex
1157 1969 1343 2084 pacificus
1374 1960 1382 1978 ⁹

588 2118 654 2200 Ps.
682 2089 860 2198 Laudare
888 2111 1019 2208 deum
1036 2142 1177 2222 vomnes
1204 2139 1337 2232 gentes
1487 2165 1491 2172 ·

590 2259 638 2342 A.
666 2255 812 2342 Scitote
840 2255 935 2367 quia
962 2282 1087 2367 prope
1115 2275 1172 2340 est
1200 2289 1369 2374 reguum
1454 2313 1459 2320 ·

590 2398 655 2480 Pr.
684 2391 823 2479 Lauda
851 2396 981 2476 anima
1010 2423 1098 2478 mea
1125 2395 1340 2484 dominum
1481 2411 1485 2418 '

587 2544 635 2628 A.
664 2536 808 2621 Levate
825 2537 962 2646 'capita
990 2556 1117 2625 vestra
1145 2567 1234 2623 ecce
1255 2549 1418 2660 appru‘

595 2683 659 2771 Ps.
688 2678 865 2768 Laudare
899 2671 1113 2765 dammum
1141 2684 1333 2794 quoniam

583 2829 632 2912 A.
662 2823 767 2910 Ecce
795 2822 993 2938 completa
1020 2841 1114 2904 sunt
1141 2827 1274 2920 omnia
1307 2851 1388 2936 que

581 2975 645 3056 Ps.
674 2965 812 3068 Lauda
839 2963 1046 3052 ierusalem
1076 2965 1291 3051 dominum

585 3119 685 3225 Cap.
713 3109 862 3200 Paulus
889 3136 1024 3195 servus
1054 3111 1190 3195 christi
1218 3106 1310 3216 lesu
1341 3097 1425 3194 vob.

582 3291 618 3348 a.
647 3251 770 3339 ludea
799 3271 838 3336 et
864 3252 1072 3338 ierusalem
1100 3250 1224 3334 nolite
1253 3254 1392 3336 timere
1503 3306 1506 3315 ·

583 3429 618 3486 a.
647 3393 848 3480 Coeranus
876 3413 997 3480 estote
1025 3390 1213 3503 videbitis
1241 3401 1332 3478 au·

590 3534 681 3634 Vna
710 3528 813 3616 Veni
841 3533 1068 3644 redemptor
1096 3538 1276 3648 gentium

587 3689 621 3753 r.
650 3670 874 3792 Tamquam
903 3700 1068 3786 sponsus
1096 3670 1285 3758 dominus

582 3819 629 3902 Α.
658 3815 773 3900 Dum
800 3833 909 3898 ortus
937 3813 1057 3899 fuerit
1085 3813 1336 3901 adorimur
1364 3819 1465 3902 sicut
1499 3822 1558 3906 sol
1575 3821 1754 3910 'salvator
1787 3819 1930 3908 muudi
2067 3861 2071 3876 ·

587 3955 702 4064 Colle
736 3959 847 4046 Deus
874 3961 946 4074 qui
974 3985 1046 4044 uos
1075 3951 1360 4070 redemptianis
1386 3967 1528 4045 nostre.

933 4094 1173 4186 Archichori
1202 4085 1340 4186 dicam
1368 4099 1654 4218 Benedicamus
2063 4173 2070 4184 .

1604 4240 1675 4334 Ad
1701 4242 2020 4378 completorium

588 4387 635 4476 A
660 4383 846 4470 Miserere
873 4383 974 4494 mihi
1002 4383 1166 4468 domine
1195 4403 1235 4471 et
1263 4410 1372 4490 exau,
1806 4441 1809 4452 ·

581 4529 646 4636 Pr.
679 4523 788 4630 Cum
817 4529 1047 4636 invocarem
1075 4554 1184 4629 exau,
