4914 6610
1140 541 1145 550 ·
1280 510 1298 627 (
1332 534 1408 590 2-22
1440 504 1457 617 )

543 677 761 796 Malfitam.
782 697 1008 764 verteretur.
1037 673 1137 762 Mal
1154 709 1181 760 a
1210 675 1374 782 scilicet,
1403 671 1583 786 Respam
1610 672 1926 785 advenientibus,
1953 701 1994 765 ct
2022 679 2122 773 hanc
2140 683 2219 772 ha·

542 821 786 926 hiantibus,
816 819 930 932 quasi
959 846 1105 901 novam
1135 813 1322 929 Mulsum
1352 815 1549 928 appellare
1577 815 1746 930 placuit,
1775 849 1876 942 quae
1906 818 2081 929 deinde,
2110 857 2221 914 cum

533 967 660 1050 maior
688 959 847 1046 fortasse
876 955 1019 1070 Malfa
1046 963 1129 1058 sive
1159 959 1382 1074 Malplu‘a,
1420 956 1486 1040 vel
1517 956 1735 1072 Amlplria
1762 955 1920 1046 condita
1948 958 2040 1067 fuit,
2087 966 2220 1052 dimi·

534 1108 690 1209 nutive,
718 1131 801 1218 quo
829 1130 908 1186 una
936 1099 1247 1218 distingueretur
1274 1101 1325 1186 ab
1353 1099 1500 1204 altera,
1526 1097 1605 1184 fuit
1633 1097 1748 1188 dicta
1776 1098 1922 1218 Neque
1950 1131 2046 1188 vero
2073 1083 2216 1196 existi-

531 1245 727 1332 mandum
755 1267 831 1349 est,
861 1273 967 1348 cum,
987 1246 1059 1356 qui
1087 1240 1231 1356 Maffa
1259 1245 1472 1358 Ragusr'na
1501 1245 1681 1356 Respam
1709 1263 1898 1330 venerant
1905 1305 1918 1348 ‚
1946 1275 2069 1332 novas
2096 1248 2217 1338 sedes

535 1383 742 1468 transferre
770 1383 1052 1489 decrevissent,
1081 1413 1218 1470 omnes
1249 1412 1370 1495 pene,
1404 1389 1760 1501 Respam‚·quum
1788 1386 1902 1505 lungo
1928 1404 2104 1504 tempore
2134 1390 2214 1478 la-

534 1531 788 1627 bitaverant,
816 1525 870 1606 ita
898 1542 945 1604 ut
972 1521 1198 1606 multorum
1228 1550 1320 1606 vere
1348 1521 1482 1610 Patria·
1506 1547 1624 1630 esset,
1652 1523 1877 1614 deseruisse
1906 1527 1991 1615 Nec
2009 1532 2119 1616 enim
2151 1535 2214 1628 ita¹

532 1693 670 1754 natura
699 1669 877 1757 homines
904 1685 995 1768 sunt
1023 1664 1268 1774 comparati,
1296 1679 1345 1745 ut
1372 1664 1499 1758 natale
1526 1664 1688 1772 solum,
1728 1687 1767 1752 ct
1803 1671 1986 1782 antiquos
2023 1675 2214 1757 concives

533 1841 626 1896 cum
655 1811 804 1926 quibus
831 1827 1109 1911 assueverant,
1146 1803 1372 1921 quibusque
1401 1807 1661 1893 matrimoniis
1689 1809 1809 1895 etiam
1851 1829 1961 1892 eraut
1990 1815 2211 1918 coniuncti,

532 1975 622 2040 tum
660 1975 700 2038 et
735 1954 913 2065 scpulcra
951 1952 1148 2034 maiorum
1184 1945 1298 2034 sacile
1334 1947 1569 2065 relinquant
1598 1946 1764 2036 Novum
1799 1949 1892 2036 hinc
1924 1949 2089 2066 Malfae
2118 1958 2210 2042 sive

531 2093 762 2210 Malplzitac
790 2120 936 2180 nomen
965 2091 1124 2204 Respae
1152 2084 1294 2183 datum
1322 2095 1495 2199 mansit,
1522 2115 1562 2178 et
1589 2093 1681 2188 hiuc
1709 2092 1869 2180 fortasse
1907 2114 1992 2194 orta
2020 2099 2210 2208 primum

529 2237 763 2326 communio
789 2237 872 2320 sive
899 2233 1058 2316 societas
1086 2259 1152 2316 eos
1180 2231 1293 2334 inter,
1312 2238 1384 2345 qui
1395 2233 1660 2349 Amalphlam
1687 2233 1971 2340 condidemut‚
1987 2257 2028 2319 et
2045 2240 2119 2352 qui
2134 2267 2210 2324 an.

530 2379 643 2489 tiqua
671 2377 713 2459 iu
739 2373 842 2468 Sede
870 2377 1059 2487 Respae,
1087 2375 1170 2460 sive
1199 2367 1389 2494 Malfitne
1423 2398 1653 2476 manserant
1682 2375 1791 2472 Cum
1827 2405 1923 2462 vero
1969 2396 2209 2490 temporum

531 2534 660 2612 tractu
689 2512 1000 2628 amphitapae
1028 2540 1091 2600 res
1117 2514 1159 2604 in
1187 2515 1430 2619 immensum
1457 2544 1582 2628 prope
1628 2518 1864 2620 crevissent,
1901 2537 1942 2612 ot
1970 2519 2054 2604 eius
2083 2515 2210 2614 Cives

528 2653 866 2750 Mediterraneum
892 2686 1001 2748 mare
1028 2654 1344 2761 Venetom;m‚ct
1372 2651 1648 2751 Genuemium
1675 2655 1824 2754 aemuli
1838 2659 1919 2748 suis
1942 2655 2207 2772 replevissent

525 2799 580 2896 ad
615 2801 948 2922 commerciorum
975 2827 1160 2915 magnam
1186 2799 1274 2883 vim
1301 2791 1559 2894 exercendam
1587 2795 1781 2916 navibus(
1788 2799 1825 2916 1)
1853 2820 1950 2888 time
1987 2801 2114 2916 magis
2144 2779 2206 2884 ina

529 2959 590 3029 ter
620 2940 924 3056 malphitanos
961 2962 1001 3026 et
1030 2937 1266 3054 Mclfitartos
1293 2940 1524 3057 Ilagtutfnoc
1550 2937 1640 3054 (sio
1668 2944 1777 3044 enim
1813 2940 1865 3030 ad
1908 2941 2205 3040 distinctionem

529 3081 662 3170 dicere
690 3081 811 3200 libet)
830 3079 1008 3198 colligata
1036 3085 1216 3185 societas,
1230 3081 1380 3194 quippe
1407 3079 1456 3182 ht
1478 3077 1730 3178 commodius
1757 3111 1829 3194 per
1848 3079 2125 3180 Hadriaticum
2138 3081 2201 3165 Sia

529 3251 633 3316 num
660 3253 808 3318 meroes
836 3220 1095 3346 exportandus
1124 3219 1446 3338 inserendasque,
1464 3221 1517 3316 ab
1542 3219 1705 3324 Oriente
1730 3226 1980 3348 susciperent
1990 3219 2074 3316 Nee
2088 3225 2202 3320 erint

1929 3565 2189 3589 m

627 3709 685 3814 (ι)
710 3709 843 3786 Iuvabit
865 3709 920 3784 hic
943 3731 1061 3783 versus
1084 3705 1243 3808 quosdam
1266 3702 1449 3784 Guillelmi
1459 3700 1593 3805 Appuli
1608 3702 1651 3778 de
1667 3702 1847 3805 Amalphia
1862 3699 2032 3779 scribentis
2048 3698 2193 3794 adferte}

735 3837 830 3914 Urbs
854 3835 945 3914 haec
969 3837 1064 3914 dives
1088 3860 1216 3937 opum,
1240 3834 1444 3938 populoque
1469 3831 1605 3938 referta
1630 3825 1779 3915 videtur

727 3965 844 4058 Natta
871 3973 990 4066 magis
1014 3965 1172 4064 locuples
1196 3975 1382 4064 argento,
1409 3961 1578 4057 uestibus,
1604 3983 1694 4037 atrro

728 4093 906 4182 Partibus
931 4096 1133 4174 inmanem.
1163 4090 1252 4170 Hac
1273 4087 1450 4191 plurimus
1475 4094 1516 4170 in
1539 4086 1626 4170 mle
1652 4101 1820 4176 ructatur

725 4221 891 4315 Naum,
919 4227 1034 4309 maris
1058 4220 1222 4320 caelique
1246 4225 1325 4294 cias
1349 4220 1489 4316 aperire
1511 4220 1659 4315 peritus.

728 4349 814 4426 Huc
840 4367 875 4436 et
899 4349 1119 4451 Alexandri
1138 4350 1279 4426 diversa
1292 4346 1470 4452 [παιήων
1494 4343 1544 4434 ab
1575 4340 1674 4420 Urbe

727 4475 835 4572 Regis
860 4493 896 4560 ct
920 4475 1104 4572 Antr'ochl
1135 4474 1230 4561 Gens
1248 4472 1348 4550 llaec
1362 4469 1470 4574 fruta
1491 4469 1655 4570 plurima
1681 4475 1825 4566 transit,

727 4599 795 4682 His
821 4604 991 4699 Arabes,
1019 4603 1130 4698 Indi,
1166 4599 1286 4694 Siculi
1311 4614 1507 4676 noscuntur
1530 4615 1565 4673 et
1587 4597 1687 4702 Afri.
1745 4585 1748 4592 Δ

727 4726 834 4806 Haec
858 4749 948 4826 gens
973 4745 1026 4803 est
1051 4744 1164 4802 totum
1186 4751 1297 4828 prope
1323 4731 1513 4804 nobilitata
1536 4707 1750 4828 perorbem

726 4853 780 4936 El
805 4857 999 4934 mercando
1012 4855 1163 4965 ferens,
1190 4873 1225 4940 et
1250 4883 1382 4942 arnam
1407 4872 1566 4932 mercata
1593 4853 1737 4958 referrn
