4870 6630
1298 541 1315 657 (
1343 571 1399 656 92
1431 541 1450 658 )

533 723 678 837 quiin
705 713 907 804 Canusino
933 711 1027 800 Mss.
1058 713 1227 802 Missali
1256 709 1451 800 Maenali
1477 711 1699 800 secundum
1727 717 2052 804 corunetudt‘nem
2079 723 2220 812 Eccle-
2280 791 2283 797 ,

531 869 618 949 siae
647 861 858 948 Romanae
887 880 977 942 aute
1004 885 1128 943 annos
1157 853 1254 939 500·
1277 856 1425 973 scripto
1459 877 1624 974 prostat·
1659 855 1854 966 Quamvis
1884 891 1980 946 vero
2007 861 2214 953 Romanus

534 999 727 1087 dicendus
755 995 858 1084 t'oret
886 997 950 1084 hie
977 996 1119 1106 Ordo,
1148 1003 1301 1114 quippe
1329 1005 1371 1086 in
1402 1029 1485 1115 quo
1513 1028 1650 1083 omnes
1687 1029 1788 1113 pene
1828 1006 1983 1088 romani
2020 1009 2119 1090 ritus
2162 1011 2217 1095 le-

531 1162 702 1258 guntur,
731 1143 785 1224 ita
814 1159 862 1222 ut
890 1138 1103 1224 conformis
1131 1167 1232 1254 pene
1259 1144 1312 1224 sit
1341 1145 1399 1250 iis,
1428 1171 1530 1260 spos
1558 1140 1755 1227 extribus
1784 1141 1880 1228 Mss.
1914 1141 2215 1237 Pontificalibus

529 1279 964 1392 Constantinopolitano
1001 1271 1149 1364 scilicet
1175 1307 1235 1364 an.
1266 1279 1345 1366 500
1373 1285 1497 1404 (nunc
1528 1281 1652 1399 700),
1682 1275 1945 1398 Aquensi'an.
1974 1288 2054 1390 duo
2072 1289 2089 1407 (
2109 1321 2215 1384 nnnc

533 1421 646 1538 600)
674 1443 714 1508 et
743 1419 923 1506 Romano
951 1449 1012 1504 an.
1041 1422 1120 1506 300
1139 1417 1275 1535 (nnnc
1302 1421 1417 1544 500)
1445 1426 1568 1513 claris.
1598 1425 1816 1510 Martenius
1843 1425 2043 1544 vulgavit,
2072 1436 2113 1520 in
2141 1439 2211 1524 ati-

529 1564 675 1678 quibus
705 1585 838 1649 tamen
865 1561 1009 1646 ritibus
1035 1561 1331 1680 aliquantulum
1361 1563 1536 1652 dissidet.
1563 1565 1620 1650 Et
1647 1568 1780 1678 primo
1808 1571 1908 1651 ritus
1938 1575 1996 1654 est
2015 1559 2056 1656 in
2074 1601 2207 1660 nostro

528 1733 612 1818 quo
640 1699 766 1786 intans
795 1705 943 1788 intrans
973 1699 1192 1790 Ecclesiam
1222 1707 1338 1794 humi
1366 1706 1606 1819 deponitur,
1634 1732 1729 1789 cum
1757 1708 1968 1818 recitantur
2000 1715 2201 1800 Paterno-

529 1861 676 1926 steret
710 1840 851 1932 Credo.
879 1837 1001 1926 Haud
1031 1861 1164 1934 tamen
1197 1846 1465 1936 diffitebimur
1490 1843 1599 1930 hunc
1633 1841 1824 1930 eumdem
1863 1849 1988 1933 ritum
2016 1855 2061 1934 in
2089 1856 2213 1944 D'bro

536 1983 793 2071 sacerdotali
819 1985 1005 2070 nomme
1033 1983 1186 2107 legi,ut
1215 1994 1335 2078 etium
1363 1991 1405 2072 in
1433 1981 1584 2071 Ritnali
1612 1983 1875 2112 Ambrosiam
1893 1988 2005 2076 iussn
2021 1991 2211 2083 Eminen-

531 2129 670 2213 tissimi
698 2124 918 2214 Cardinalis
945 2125 1090 2218 Montii
1124 2129 1277 2238 Edito,
1313 2139 1356 2222 in
1393 2160 1476 2248 quo
1515 2155 1599 2212 non
1636 2145 1795 2212 tantum
1838 2125 1983 2243 deponi
2021 2134 2064 2220 in
2100 2148 2208 2252 pari-
2309 2217 2314 2224 .

525 2289 661 2354 niento
689 2268 881 2356 infantem
908 2276 1177 2390 praecipitur,
1206 2274 1277 2364 sed
1313 2277 1434 2364 etiam
1461 2275 1515 2356 ita
1543 2265 1710 2382 deponi,
1726 2289 1773 2350 ut
1792 2263 1912 2380 pedes
1932 2297 2064 2359 versus
2100 2279 2197 2392 bap-

528 2407 726 2494 tismalem
762 2407 915 2498 fontem
952 2415 1101 2503 lrabeat.
1129 2415 1264 2504 Huius
1300 2419 1419 2506 etiam
1455 2415 1556 2498 ritus
1582 2408 1621 2492 S.
1649 2406 1816 2496 Carolus
1853 2407 2113 2506 Bormmaeus
2162 2428 2206 2508 in

535 2550 619 2632 suis
646 2545 698 2634 de
726 2546 930 2666 Baptismo
960 2552 1293 2644 Instructionibus
1327 2556 1543 2658 meminit,
1571 2553 1670 2669 quin
1706 2572 1745 2634 et
1791 2549 1972 2639 eiusdem
2014 2562 2206 2652 rationem

522 2683 928 2812 significationemque
956 2693 1018 2786 hie
1046 2704 1235 2814 expressit
1263 2698 1413 2789 verbis:
1449 2729 1469 2774 u
1508 2692 1644 2780 Infans
1672 2696 1715 2781 in
1743 2690 1964 2782 Ecclesiam
1992 2699 2207 2794 introduci

438 2865 444 2878 ·
527 2863 548 2908 >i
581 2853 673 2939 tur,
700 2831 773 2920 ubi
809 2839 990 2950 primum
1025 2839 1134 2954 apud
1178 2851 1335 2930 sacrum
1362 2839 1533 2925 Fontem
1570 2835 1686 2920 humi
1722 2833 1947 2920 collocatur.
1977 2837 2060 2948 Qui
2097 2850 2204 2932 ritus

525 3001 544 3047 u
581 2999 677 3059 cum
704 2973 927 3090 supplicem
955 2983 1040 3066 eius
1068 2986 1319 3098 petitionem,
1335 2986 1408 3103 qui
1424 2975 1667 3092 sebaptizari
1685 2970 1870 3086 postulat,
1887 2975 2079 3088 ostendit,
2106 3013 2202 3070 cum

526 3145 546 3190 >›
578 3117 760 3227 prostrati
787 3116 894 3204 hunc
921 3119 1021 3206 olim
1050 3123 1293 3236 baptismum
1322 3145 1525 3242 peterent,
1554 3144 1648 3210 tum
1683 3113 1915 3236 significatio
1952 3143 2010 3206 est
2045 3149 2196 3212 sanctae

524 3285 543 3328 u
575 3249 839 3362 humilitatis,
867 3287 992 3374 quam
1020 3260 1265 3351 Christianus
1293 3263 1474 3380 profiteri
1501 3259 1621 3348 debet
1654 3290 1688 3341 r.
1715 3254 1838 3368 Quod
1868 3261 1900 3342 si
1928 3255 1981 3344 ad
2015 3260 2081 3347 SS.
2100 3265 2203 3352 Pon

517 3389 633 3480 tiliois
660 3419 836 3486 mentem
863 3395 1012 3486 addere
1057 3401 1200 3510 liceat,
1230 3403 1400 3496 fortasse
1438 3409 1665 3496 diceremus
1698 3401 1886 3489 infantem
1923 3403 2034 3509 qnasi
2076 3409 2206 3513 proie.

477 3573 482 3584 ·
516 3555 628 3623 ctum
656 3557 695 3622 et
724 3541 951 3652 expositum
980 3573 1003 3626 e
1035 3564 1135 3628 terra
1155 3547 1325 3634 aMatre
1349 3549 1524 3638 Ecclesia
1544 3546 1698 3649 elevari,
1721 3543 1772 3629 ab
1796 3569 1918 3656 eaque
1936 3545 2059 3632 veluti
2078 3542 2204 3658 adop·

515 3681 600 3763 tari.
631 3679 741 3766 Dixit
769 3707 943 3795 namque
971 3683 1118 3802 Regius
1146 3688 1292 3774 Psaltes
1320 3710 1362 3776 Ξ
1398 3693 1448 3778 ln
1475 3711 1513 3776 te
1538 3695 1737 3805 protectus
1766 3713 1856 3768 sum
1885 3717 1945 3773 ex
1976 3703 2106 3792 edero,
2134 3685 2199 3768 rel

516 3841 561 3904 ut
588 3819 700 3906 aliter
727 3817 872 3939 legitur
898 3840 941 3904 a:
956 3879 959 3886 ·
975 3825 1106 3913 vetui
1130 3837 1379 3944 expositr'ttits
1391 3831 1472 3948 sui
1498 3835 1576 3920 tibi.
1597 3831 1649 3920 Id
1687 3863 1850 3950 quoqne
1893 3863 1943 3922 ex
1979 3861 2028 3914 eo
2055 3823 2199 3914 contir-

521 4039 1120 4157 ---Ἶί---..-

513 4242 821 4327 Cattecwnemon
832 4249 1057 4356 faciendum
1082 4267 1273 4330 remanente
1293 4283 1305 4345 ·,
1331 4283 1401 4333 non
1426 4256 1472 4328 ita
1494 4265 1607 4328 tamen
1638 4265 1675 4326 ut
1706 4274 1824 4326 corum
1858 4247 2029 4322 diversitas
2052 4248 2190 4319 omnim

502 4371 750 4452 obliteraretur.
779 4376 822 4451 In
847 4378 1049 4478 quibtrsdam
1073 4382 1165 4456 enim
1189 4383 1349 4482 sequioris
1375 4384 1447 4459 acri
1474 4381 1558 4455 Mss.
1590 4384 1671 4456 ritus
1695 4381 1826 4480 proprie
1841 4375 2188 4450 adCuthecumcnutu

502 4499 693 4580 faciendum
719 4506 938 4605 pertinentes,
965 4511 1000 4586 in
1024 4507 1144 4610 vlgdiis
1166 4507 1314 4584 Paschae
1338 4521 1373 4584 et
1398 4509 1605 4584 Pentecosten
1636 4507 1746 4584 media
1771 4504 1888 4580 Fontis
1918 4500 2145 4576 benedictione
2171 4527 2192 4570 a

508 4633 626 4710 ritibm
648 4633 810 4735 Buptismi
835 4649 1041 4738 sepmuntur.
1068 4671 1107 4724 ε
1137 4637 1176 4715 si
1200 4638 1274 4741 quis
1298 4610 1451 4714 nondum
1475 4611 1737 4712 Cuthccumcnus
1761 4636 1839 4738 (ita
1863 4637 1898 4710 in
1922 4627 2106 4706 Pontificali
2137 4627 2196 4700 Pi·

507 4765 664 4840 claviensi
687 4787 848 4870 annorum
872 4763 999 4866 mille)
1023 4765 1066 4840 ed
1089 4764 1325 4866 baptizandum
1358 4766 1488 4844 venerit
1513 4761 1663 4838 Sabbato
1688 4763 1807 4841 Sancto
1838 4761 1918 4838 dicit
1942 4756 2105 4836 sacerdo
2141 4781 2198 4828 su·

504 4920 564 4992 per
587 4920 664 4972 eum
690 4892 879 4972 orationem
899 4893 943 4968 ad
968 4892 1258 4971 Cathccumcuum
1284 4894 1473 4969 sucicntlnm
1496 4905 1562 4966 cte.
1580 4915 1618 4964 π
