4914 6610
1349 610 1363 666 1
1400 581 1427 666 6

546 760 623 845 bus
640 743 880 844 Primiceriis
907 584 1407 870 MelpbictensisEociesiaie
1415 580 1534 838 :im
1552 742 1659 865 quod
1683 761 1816 830 noster
1833 718 2053 859 Episcopus
2075 743 2237 828 absens

546 915 666 984 extra
694 911 865 1014 regnum
893 913 978 980 erat
1005 909 1048 973 :t
1073 893 1138 979 Ex
1165 894 1242 977 hoc
1268 911 1423 974 tantum
1452 886 1563 972 facile
1592 889 1781 970 coniicere
1818 889 1894 968 erit
1922 882 2041 967 illum
2089 889 2240 998 ipsum

542 1039 790 1154 Episcopum
806 1041 935 1146 fuisse,
953 1041 1025 1154 qui
1036 1036 1253 1154 fugitivus
1279 1038 1324 1117 t'n
1347 1031 1529 1145 partibus
1559 1029 1749 1114 Anconae
1777 1025 2076 1134 latitanserat,
2097 1051 2146 1114 ut
2173 1051 2261 1114 ex·

544 1181 653 1266 Actis
683 1179 896 1266 Alexandri
927 1180 990 1264 ΙΙΙ
1018 1175 1127 1293 apud
1154 1177 1373 1263 baronium
1400 1172 1578 1258 babetur.
1607 1167 1815 1256 laudandi
1834 1193 1938 1254 oerte
1966 1171 2232 1284 Melpbicten-

545 1326 597 1406 sis
622 1320 853 1428 Ecclesiae,
881 1343 921 1406 et
948 1319 1067 1404 Cleri¹
1084 1319 1301 1422 Primores,
1331 1318 1403 1432 qui
1417 1310 1624 1424 [Episcopi
1653 1317 1715 1397 sui
1737 1307 1932 1397 ¹modestis
1970 1331 2100 1430 tegere
2136 1343 2225 1397 ver·

547 1459 610 1548 bis
648 1458 823 1566 famam,
851 1461 1125 1573 honoremque
1143 1447 1379 1546 voluerunt.

658 1601 739 1687 Hic
768 1607 911 1688 merito
940 1601 1085 1690 deinde
1113 1593 1398 1716 inquirendum
1427 1599 1561 1700 venit,
1590 1617 1727 1681 utrum
1749 1600 1820 1712 qui
1834 1591 2089 1680 'lateranensi
2113 1593 2214 1679 Con-

547 1730 638 1829 cilio
658 1760 734 1826 an.
766 1744 1057 1830 MCLXXIX
1074 1733 1334 1828 Pontificatus
1363 1735 1577 1828 Alexandri
1605 1738 1670 1822 III
1697 1767 1756 1821 aa.
1786 1738 1867 1822 XX
1904 1734 2083 1824 interfuit
2115 1739 2222 1825 Mel-

540 1885 769 1998 pln'ctentis
798 1883 938 1990 luerit,
980 1903 1036 1965 ut·
1055 1873 1245 1996 Ug'hellio
1272 1885 1435 1986 visum,
1473 1912 1523 1964 an
1562 1873 1661 1962 vero
1691 1875 1959 1988 Melpln'enst's
1988 1876 2221 1992 Episcopus.

543 2021 666 2130 Quod
694 2028 727 2107 si
759 2022 1061 2137 nntptricnnsn
1082 2014 1228 2142 'ulrum
1257 2021 1326 2103 ille
1342 2013 1437 2135 ipse
1467 2021 1638 2108 lomnes
1666 2019 1875 2134 sacrilegae
1917 1998 2219 2106 consecrationis

540 2162 699 2248 Pseudo
733 2153 910 2250 Victoris
938 2165 1157 2275 particeps,
1176 2185 1227 2248 an
1255 2193 1350 2249 vero
1377 2161 1498 2263 alius,
1527 2155 1617 2247 lieet
1646 2157 1826 2244 eiusdem
1855 2165 2026 2245 nominis
2051 2163 2105 2247 ab
2133 2163 2220 2246 illo.

541 2304 620 2386 Vix
650 2325 782 2388 autem
812 2299 995 2390 dubitare
1020 2295 1183 2408 licebit,
1209 2308 1320 2419 'quin
1351 2301 1653 2414 Melplu'cienst‘s
1682 2292 1905 2415 Episcopus
1941 2301 2089 2407 fuerit,
2118 2304 2214 2390 looo

541 2449 628 2556 ipso
655 2443 952 2556 subscriptionis
979 2429 1188 2550 suadente,
1225 2473 1320 2529 cum
1358 2442 1443 2525 eius
1474 2470 1621 2525 vnornen
1647 2445 1758 2526 'inter
1787 2441 2007 2556 Episcopos
2034 2442 2218 2528 Berensis

410 2663 414 2673 .
540 2585 772 2666 Provinciae
799 2582 959 2699 legatur.
989 2583 1151 2670 Accedit
1188 2605 1228 2667 et
1257 2582 1361 2668 illud
1381 2636 1402 2689 ,·
1439 2587 1481 2666 in
1506 2579 1733 2695 ¹aliquibus.
1749 2581 1967 2669 codicibus
2000 2583 2082 2700 legi
2113 2584 2218 2671 Mel-

528 2721 717 2840 ficte'nsis
745 2719 809 2804 vel
838 2709 968 2807 etiam‘
981 2723 1270 2838 Maffettensis.
1300 2723 1442 2809 Exeo
1471 2751 1636 2836 quoque
1663 2719 1774 2806 idem
1803 2719 2029 2807 confirmari
2058 2727 2217 2836 poterit,

541 2859 654 2974 quod
687 2851 953 2973 Melpluirnsis
977 2860 1174 2978 ¹Episcopi
1205 2894 1350 2952 nomen
1378 2865 1525 2948 ultimo
1554 2864 1642 2947 loco
1671 2861 1823 2979 legatur
1862 2867 1965 2948 inter
1994 2867 2216 2980 Episcopus

540 3001 740 3087 Romanae
770 3003 1112 3110 Provinciae3'sic
1136 3003 1377 3118 cortanna
1404 3003 1631 3117 Melfierrst's
1660 3005 1707 3092 S.
1737 3009 1901 3094 Marcii.
1932 3006 2221 3093 Emendandus

539 3173 635 3259 ergo
663 3143 901 3260 Ugbellius,
939 3151 1010 3259 qui
1041 3145 1237 3231 Iaumnm
1275 3169 1463 3232 nostrum
1497 3152 1602 3232 inter
1628 3145 1830 3230 Romanae
1856 3145 2090 3235 Provinciae
2120 3149 2219 3263 Epi·

538 3313 676 3398 scopos
703 3314 744 3370 se
772 3285 1059 3396 subscripsisse
1073 3281 1276 3390 adfirmat,
1305 3315 1399 3371 cum
1429 3287 1608 3394 tardius,
1628 3287 1680 3372 ab
1718 3287 1950 3372 Innocentio
1977 3289 2080 3374 VIII
2111 3294 2214 3378 scili·

538 3445 599 3507 cet
626 3423 826 3511 Romanae
853 3411 1084 3512 Provinciae
1113 3427 1407 3538 Melpbictensis
1434 3427 1570 3515 Sedes
1584 3417 1733 3515 tributa
1762 3429 1892 3513 luerit
1922 3427 1985 3514 An
2015 3455 2150 3518 autem
2170 3467 2217 3518 u-

536 3595 613 3652 nus
639 3564 829 3682 idemque
855 3564 976 3652 fucrit·
994 3567 1174 3652 Ioannes
1201 3589 1241 3656 et
1269 3571 1341 3680 qui
1369 3566 1571 3654 Victorem
1614 3573 1871 3676 consecravit,
1899 3578 2052 3684 etqui
2068 3573 2215 3663 Conci·

537 3681 593 3792 lio
620 3707 882 3818 subscripsit,
903 3697 1067 3792 omnino
1104 3695 1275 3795 delinire
1311 3695 1480 3800 difficile
1517 3713 1606 3793 erit
1637 3709 1754 3794 Certe
1783 3710 2043 3800 Minervinius
2080 3741 2213 3805 noster

537 3847 777 3931 adnotavit
767 3877 809 3930 ιιι
836 3846 1021 3933 Cavensis
1049 3849 1274 3934 Monasterii
1303 3849 1462 3934 Clrartis
1483 3851 1646 3936 Ioannis
1664 3851 1959 3964 Melphictensis
1974 3863 2213 3943 memoriam
2298 3853 2384 3976 ρ’

445 4103 447 4108 Ι
536 3984 640 4071 fieri
660 3992 770 4072 aunis
798 3973 1125 4097 MCXXXVI,
1153 3973 1446 4079 MCLXXIII
1464 4013 1505 4075 et
1534 3991 1803 4080 MCLXXX.
1832 3991 1926 4078 Non
1955 4000 2046 4082 satis
2072 4003 2212 4113 utique
2390 3997 2427 4082 t⁴

541 4129 752 4241 probabile
778 4128 958 4214 videtur
968 4158 1112 4216 unum
1122 4113 1332 4218 loannem
1354 4155 1441 4241 per
1453 4151 1575 4219 annos
1601 4133 1784 4241 XLIV',
1813 4157 1851 4219 et
1891 4137 2003 4252 qnod
2040 4148 2212 4226 excurrit

539 4255 826 4382 Episcopatum
856 4277 1032 4358 tenuisse
1046 4272 1244 4382 Quo'd
1213 4305 1246 4358 st
1275 4272 1425 4359 idem
1414 4303 1499 4412 ipse
1524 4265 1677 4378 fuerit,
1694 4273 1930 4366 dicendum
1970 4287 2074 4388 erit,
2100 4283 2211 4368 abiu·

539 4423 625 4492 r'ato
653 4414 762 4520 p'rius
781 4440 839 4495 ex
868 4418 1101 4528 praescripta
1130 4413 1303 4500 formula
1331 4399 1563 4518 schismate,
1592 4437 1797 4529 receptum
1834 4416 1980 4506 deinde
2022 4346 2139 4508 fuisse
2168 4426 2211 4508 in

541 4547 797 4652 Concilium,
825 4573 871 4633 ut
899 4551 951 4637 de
978 4554 1062 4638 aliis
1090 4554 1270 4640 similiter
1297 4553 1461 4666 receptis
1488 4551 1743 4640 schismaticis
1765 4560 1951 4646 'eiusdem
1967 4561 2137 4651 Concilii
2158 4587 2214 4654 te-

538 4707 669 4774 statur
685 4685 899 4774 Hnnra.
904 4690 1053 4800 Quam.
1067 4696 1290 4784 verosimile
1319 4717 1453 4782 autem
1482 4717 1542 4782 est
1570 4719 1865 4787 exauctoratum
1901 4701 1953 4788 ab
1980 4701 2209 4794 Alexandro

540 4828 731 4914 loannem
749 4829 948 4946 II,eique
976 4833 1185 4924 suffecttun
1214 4835 1404 4968 loannem
1432 4841 1632 4950 alterurn,
1661 4848 1732 4959 qui
1761 4841 1983 4956 proinde
1971 4875 2015 4932 ιιι
2041 4851 2140 4934 serie
2169 4879 2208 4932 e

540 4971 592 5052 rit
620 4957 692 5054 111
714 4967 832 5058 huius
860 4969 1041 5058 nominis

2372 3826 2427 3872 t
