4884 6692
1099 647 1249 775 (·13)

441 819 627 944 Denique
654 818 754 912 lianc
781 809 974 908 addimus
1001 813 1294 911 adnotationem
1321 817 1471 940 quippe
1509 833 1611 939 quae
1640 829 1848 938 pietatem,
1887 831 2011 922 chari*

328 959 831 1092 latemsqneCanonicoruut
845 985 886 1050 et
900 960 1071 1048 fratrum
1085 963 1123 1048 S.
1141 964 1321 1078 Sepulcri
1341 965 1537 1052 Ecclesiae
1560 967 1679 1080 plane
1697 967 1952 1058 demonstrat

272 1121 278 1128 '
442 1107 538 1200 'tt-*A
566 1107 662 1196 feria
690 1105 775 1193 llll
803 1107 847 1195 id
875 1107 1003 1192 estin
1031 1109 1158 1220 capite
1176 1109 1312 1192 ieiunii
1342 1107 1421 1190 XL
1447 1138 1695 1223 unoquoque
1712 1108 1779 1194 die
1806 1141 1934 1227 usque
1953 1117 2006 1202 ad

295 1251 299 1322 ζ
334 1241 363 1328 n'
385 1249 530 1334 Pascha
559 1247 795 1335 mandatum
831 1247 959 1332 tribus
987 1249 1231 1362 pauperibus
1259 1247 1456 1351 facimus,
1484 1247 1596 1363 qnod
1625 1253 1677 1337 ab
1713 1248 2014 1339 Ebdomadnrio
2074 1285 2077 1296 ·

282 1367 296 1424 ·’
336 1386 594 1474 »Sacerdote
622 1419 717 1474 cum
746 1386 911 1472 diacono
958 1407 999 1470 et
1028 1385 1273 1476 subdiacono
1301 1411 1391 1502 post
1428 1394 1589 1476 missam
1622 1397 1814 1480 maiorem
1853 1390 2017 1482 bumili-

335 1561 354 1606 n
386 1551 447 1615 ter
474 1533 518 1614 in
546 1525 732 1644 Capitulo
761 1530 992 1616 celebratur.
1028 1527 1219 1616 Similiter
1265 1553 1305 1616 et
1348 1528 1533 1616 Canonici
1562 1535 1605 1614 in
1648 1564 1894 1650 unoquoque
1922 1539 2016 1622 sau

314 1710 354 1752 ·>›
387 1671 479 1754 bato
507 1690 597 1782 post
625 1668 841 1781 prandium
870 1671 972 1752 inter
1000 1695 1041 1750 se
1069 1667 1219 1753 faciunt
1254 1691 1384 1782 preter
1427 1670 1643 1755 Sabbatum
1686 1677 1728 1756 in
1775 1679 1894 1760 ramis
1933 1679 2016 1790 pal·

336 1848 354 1888 »
387 1841 558 1913 marum,
588 1830 629 1894 et
657 1813 732 1892 nisi
760 1808 906 1892 festum
935 1810 1109 1891 evenerit
1136 1806 1210 1924 (r).
1236 1810 1352 1894 Ritus
1378 1833 1512 1894 autem
1530 1811 1651 1897 liooce
1678 1814 1914 1903 mandatum
1951 1849 2012 1901 ce-

335 1987 354 2029 »
386 1950 566 2038 lebrandi
596 1955 638 2035 in
667 1947 748 2034 fine
774 1949 919 2034 codtcis
946 1949 1144 2054 habetur,
1172 1971 1212 2032 et
1240 1973 1299 2036 est
1326 1949 1567 2035 huiusmodi.

451 2126 470 2170 n
500 2091 567 2177 Ad
595 2091 830 2176 mandatum
859 2120 1081 2202 pauperum
1110 2088 1264 2174 dicatur
1291 2095 1333 2174 in
1361 2089 1496 2174 eundo
1523 2091 1617 2204 psal.
1636 2091 1767 2178 Verba
1795 2127 1883 2180 mea
1908 2130 2002 2188 cum

340 2267 359 2308 s
390 2232 511 2348 gloria
540 2231 660 2314 Patri.
686 2230 813 2343 Capit.
841 2231 904 2348 (2)
931 2229 1107 2314 Ostende
1144 2230 1268 2315 nobis
1305 2213 1508 2316 Dominus
1544 2233 1753 2320 vobiscum
1795 2244 1932 2326 Oratio
1969 2273 2006 2322 u-

337 2406 356 2448 »
386 2380 532 2460 ctiones
558 2391 709 2456 nostras
735 2392 807 2454 etc
820 2369 946 2455 modo
973 2374 1161 2482 incipiant
1189 2371 1321 2456 lavare
1337 2373 1461 2486 pedes
1476 2403 1700 2488 pauperum
1716 2407 1810 2463 cum
1830 2384 2009 2494 antipho-

322 2549 351 2592 vu
383 2519 442 2600 uis
470 2518 564 2598 istis.
589 2509 829 2596 Mandatum
857 2541 996 2594 meum
1026 2509 1081 2593 do
1112 2511 1233 2596 vobis
1261 2513 1480 2628 Postquam
1508 2519 1684 2600 surrexit.
1715 2515 1764 2600 In
1793 2517 1934 2604 diebus
1964 2521 2009 2604 il-

269 2751 272 2758 .
333 2654 442 2735 ilis.
470 2652 556 2736 Ubi
583 2671 641 2735 est
669 2655 813 2735 caritas
842 2647 884 2734 Si
912 2679 986 2765 ego
1022 2651 1234 2735 Dominus.
1262 2653 1423 2766 Αιιιὶρίιη
1450 2653 1499 2738 In
1535 2655 1610 2741 buc
1654 2683 1889 2771 cognoscent
1927 2661 1996 2742 lio

332 2796 518 2878 omines.
556 2791 755 2876 Dominus
798 2791 908 2875 Iesus
944 2812 1159 2904 postquam
1197 2793 1365 2874 cenavit.
1408 2790 1671 2909 Congreguvit
1707 2825 1777 2880 nos
1825 2792 2015 2886 Christus.

294 2907 300 2917 ’
334 2947 353 3012 t
385 2931 459 3016 His
478 2928 601 3017 linitis
628 2929 776 3016 dicitnr
793 2931 892 3015 kirie
909 2931 1012 3016 eleis
1029 2931 1144 3016 Pater
1163 2949 1306 3012 noster.
1333 2929 1389 3014 Et
1408 2961 1461 3016 ne
1491 2961 1575 3016 nos.
1606 2931 1734 3045 Capit.
1761 2935 2014 3048 Suscepimus

334 3105 352 3155 s
384 3075 497 3158 Deus
539 3073 848 3158 misericordiam
872 3102 914 3166 r:
934 3073 1039 3158 Ecce
1067 3101 1190 3186 quam
1237 3070 1390 3154 bonum
1409 3091 1452 3156 :t
1481 3072 1546 3156 Tu
1599 3071 1794 3158 mandasti
1831 3076 2013 3163 inundata

333 3247 353 3288 s
386 3235 453 3296 tna
468 3236 511 3298 z
534 3213 600 3298 Tu
627 3213 765 3298 lavasti
794 3212 913 3326 pedes
942 3210 1234 3325 discipulorum
1251 3229 1467 3294 tuorum:
1483 3209 1613 3324 Opera
1632 3243 1829 3298 manuum
1845 3236 2007 3298 tuarum

333 3385 352 3428 n
385 3381 435 3436 ne
464 3353 663 3464 despicias.
689 3352 889 3436 Dominus
917 3351 1136 3436 vobiscum.
1187 3353 1322 3438 Oratio
1364 3349 1513 3438 Adesto
1556 3380 1774 3466 quesumus
1818 3354 2036 3444 Domine.-

330 3535 358 3577 »
388 3492 514 3579 lllodo
541 3495 713 3577 offerunt
741 3495 799 3576 eis
824 3485 970 3605 panem
997 3513 1037 3576 et
1065 3493 1207 3575 vinum
1226 3493 1280 3572 ita
1308 3486 1488 3574 dicendo.
1516 3489 1697 3604 Largitor
1725 3493 1910 3575 omnium
1929 3493 1999 3578 bo·

318 3681 355 3724 ω
384 3665 530 3726 notum
560 3629 767 3718 benedicat
795 3633 931 3717 cibum
959 3653 1000 3718 et
1028 3656 1210 3746 potum.
1267 3692 1278 3713 .
1334 3692 1346 3713 .
1401 3693 1411 3713 .
1438 3650 1478 3714 et
1508 3659 1603 3716 cum
1642 3630 1780 3744 psalm.
1808 3637 2006 3720 miserere.

317 4061 322 4070 .
430 3991 486 4093 (r)
513 3989 723 4076 Conuictndo
748 3987 939 4082 huiusmodi
982 4017 1041 4088 pcr
1079 3993 1235 4088 integrum
1263 3988 1559 4087 Quadragesintam
1584 4011 1787 4088 unoquoque
1818 3986 1872 4062 die
1902 3990 2002 4062 trium

325 4119 457 4198 lavandi
478 4143 659 4219 pauperum
689 4117 812 4217 pudes,
847 4119 981 4222 illosque
1010 4117 1179 4194 reficiendi
1202 4116 1352 4216 pluribus
1382 4117 1586 4190 monasteriis
1596 4117 1782 4186 communis
1805 4128 1895 4207 erat,
1917 4127 1948 4186 ct
1969 4117 2004 4186 in

323 4249 376 4324 nis
401 4249 502 4322 etium
527 4245 673 4320 Sabbata
692 4221 755 4346 per
781 4260 888 4322 totum
911 4275 1034 4323 annum
1055 4249 1254 4342 mandato,
1269 4259 1305 4320 nt
1324 4245 1387 4320 dici
1405 4243 1556 4338 solebat,
1584 4239 1799 4340 perficiendo,
1818 4243 1998 4314 sanctifica-

322 4379 455 4454 bantur.
483 4377 1136 4478 Videant,quibusvetM01nchorum
1159 4375 1268 4452 solum
1291 4401 1412 4454 nomen
1436 4370 1645 4448 stomachum
1670 4384 1785 4448 movet
1811 4395 1854 4446 an
1881 4369 1992 4448 buius·

174 4507 179 4515 ⁸
316 4507 411 4592 modi
437 4505 596 4581 institutio
619 4527 736 4578 veram
774 4505 992 4603 Religionem
1013 4508 1113 4580 simut
1136 4521 1169 4582 et
1194 4507 1433 4580 humanitatum
1457 4503 1571 4618 sapiat.

415 4635 474 4737 (2)
499 4630 654 4734 Capitula
687 4631 878 4704 dicebantur
909 4658 1024 4706 versus
1064 4635 1181 4731 quiin
1202 4629 1360 4733 exsequiis
1393 4615 1601 4706 mortuorum
1618 4626 1827 4702 dicebantur.
1866 4625 1996 4700 Exem-

311 4761 457 4865 pluvida
479 4761 566 4859 apud
589 4762 737 4834 Beatum
762 4757 1203 4832 Cardinalem'lbomusium
1215 4759 1320 4830 Turn.
1338 4755 1395 4828 Il.
1418 4783 1494 4854 pag.
1515 4756 1602 4830 562.
1638 4769 1670 4830 ct
1687 4755 1790 4830 Tum.
1816 4753 1859 4832 V
1856 4757 1887 4830 I.
1907 4779 1984 4852 prg-

322 4893 414 4972 ωδ,
434 4889 502 4964 Et.
523 4882 674 4966 t‘ezzosi.
689 4885 770 4966 Hoc
795 4907 895 4961 sensu
924 4911 990 4962 vox
1025 4883 1086 4958 ista
1117 4881 1207 4958 duest
1234 4887 1270 4960 iu
1300 4881 1464 4958 Glossario
1489 4885 1625 4996 Congii.
