4820 6604
1293 525 1494 644 (xvr)

532 693 655 786 Extat
684 691 823 796 istud,
850 705 904 778 ut'
925 687 976 778 d'e
999 693 1136 797 more,
1165 697 1208 779 in
1235 692 1364 792 fronte
1394 695 1485 777 Mes
1505 694 1792 784 Membranacei
1812 695 2004 786 Breviarii
2019 700 2069 788 ad
2091 731 2225 793 usum

531 839 756 958 praedictae
783 833 994 938 Ecclesiae,
1019 831 1131 948 quod
1160 855 1324 918 exeunte
1352 831 1474 922 XIV
1491 834 1855 924 saeculoexaratum
1879 837 1999 926 fuisse
2013 841 2227 932 iudicavit

530 981 782 1066 doctissimus
790 973 1114 1086 Archiepiscopus
1127 969 1338 1060 Hannibal
1344 971 1394 1064 de
1406 973 1500 1083 leo,
1511 1003 1633 1090 quem
1649 975 1857 1081 Ecclesiae,
1866 977 2030 1088 Patriae,
2044 1003 2227 1069 nostrae-

535 1151 617 1236 que
631 1150 720 1238 erga
735 1122 868 1233 ipsum
885 1112 1087 1206 devotioni
1102 1136 1283 1227 ereptum
1297 1111 1426 1206 adhuc
1440 1115 1633 1231 lugemus
1648 1115 1739 1200 Hoc
1756 1121 1798 1204 in
1828 1114 2066 1226 kalendario,
2081 1143 2129 1206 ut
2157 1123 2219 1222 le-

462 1316 466 1325 1
531 1267 639 1381 genti
658 1262 817 1376 patebit,
836 1259 946 1350 nulla
967 1285 1126 1373 prorsus
1144 1281 1201 1348 est
1220 1256 1315 1370 dies,
1331 1283 1433 1372 quae
1448 1263 1611 1350 nomine
1625 1259 1755 1346 Sancti
1773 1258 1943 1347 alicuius
1971 1281 2108 1348 careat
2138 1263 2216 1350 Di·

530 1435 706 1520 screpare
733 1406 825 1492 hinc
854 1399 1014 1507 videtur
1041 1431 1064 1488 a
1092 1400 1318 1495 kalendario
1349 1399 1548 1494 Romanae
1566 1397 1763 1488 Ecclesiae
1791 1422 1832 1489 et
1865 1433 1888 1486 a
1917 1407 2059 1490 nostris
2087 1408 2210 1494 etiam

530 1547 734 1653 Peucetiie3
753 1565 793 1634 et
819 1539 1051 1632 kalendariis
1079 1527 1260 1647 Graecis,
1289 1541 1575 1658 Neapolitanis,
1603 1562 1643 1629 et
1672 1541 1874 1652 Lyciensi,
1902 1543 1956 1626 de
1984 1572 2068 1658 quo
2096 1575 2206 1654 mox,

523 1687 737 1776 assimilari.
763 1685 827 1772 Aa
854 1686 929 1772 hoc
956 1681 1057 1772 forte
1085 1683 1349 1777 Graecitatem
1376 1683 1553 1799 aliquam
1589 1685 1632 1776 itt
1660 1681 1824 1802 Iapygia
1861 1679 2063 1774 residuam
2092 1685 2204 1774 olere

413 1817 419 1828 ’
527 1829 779 1929 dicendum?
807 1825 979 1917 Videant
1005 1824 1124 1918 docti.

638 1971 732 2058 Non
759 1967 958 2074 absimile,
987 1990 1034 2052 ut
1063 1970 1399 2084 praenotavimus,
1428 1957 1703 2072 kalendarium
1730 1983 1786 2050 est
1814 1967 1977 2085 insignis
2007 1967 2211 2086 Ecclesiae

525 2115 754 2225 Lyciensis,
782 2113 934 2222 quippe
962 2105 1233 2211 Sanctorum,
1271 2130 1310 2193 et
1338 2107 1519 2222 plurium
1547 2138 1570 2192 e
1600 2101 1797 2214 Graecia,
1825 2111 2053 2200 nominibus
2080 2132 2213 2200 scatet·

524 2257 601 2342 Est
633 2251 736 2338 illud
765 2258 812 2339 in'
838 2250 968 2336 fronte
998 2251 1153 2339 bevra
1161 2255 1218 2344 rii
1243 2249 1422 2342 eimdem
1450 2249 1668 2356 Ecclesiae,
1700 2248 1813 2366 quod
1840 2247 1944 2340 Ctar.
1965 2251 2211 2368 nobisquea-

523 2396 727 2482 micissimi
755 2397 831 2478 viri
860 2395 1071 2482 Dominici
1102 2393 1299 2508 Vergorir',
1317 2389 1535 2507 praedictae
1564 2393 1760 2486 Ecclesiae
1788 2395 1989 2499 canonici,
2009 2393 2118 2480 dono
2151 2423 2210 2481 ac·

525 2539 715 2652 sepimus.
743 2532 937 2642 Quamvis
964 2560 1057 2618 vere
1087 2521 1338 2624 Breviar'ium
1365 2531 1474 2624 istud
1515 2564 1708 2622 excusum
1737 2533 1912 2628 Venetiis
1948 2536 2070 2628 suerit
2106 2565 2208 2622 anno

523 2677 791 2768 MDXXVI
800 2738 812 2781 ,
840 2671 1025 2792 illudque
1062 2693 1209 2770 notum
1236 2670 1358 2768 inerit
1386 2671 1588 2760 Fratribus
1622 2678 1827 2782 Mocrr‘is,
1855 2679 1928 2800 qui
1955 2681 1998 2767 itt
2029 2676 2209 2762 Hr'crola

523 2825 619 2906 xico
647 2823 731 2906 eius
759 2821 1002 2914 mentionem
1030 2816 1200 2920 faciant,
1228 2833 1268 2898 et
1296 2815 1341 2900 B.
1369 2811 1570 2910 Cardinali
1598 2817 1832 2923 llromasio,
1860 2823 1932 2934 qui
1960 2823 2002 2914 io
2030 2823 2133 2913 uotis
2151 2819 2203 2905 ad

525 2957 835 3078 Responsoriale
865 2979 905 3050 et
938 2957 1276 3073 Antiphonarium
1311 2961 1395 3042 eius
1437 2961 1621 3052 meminit
1664 2957 1724 3078 (r)
1762 2991 1810 3058 er
1852 2991 1979 3082 eoque
2007 2965 2208 3078 exscripsit

522 3105 799 3222 Antiphonem
831 3108 873 3190 in
907 3101 1045 3217 Officia
1077 3099 1334 3196 Lr'taw'ar'um
1362 3099 1597 3206 Maium
1625 3129 1696 3213 ego
1723 3131 1814 3187 rum
1854 3102 1988 3219 Alphe
2025 3123 2126 3206 etc,
2155 3123 2207 3190 ta·

523 3279 620 3340 men
652 3278 746 3336 cum
774 3277 855 3336 non
883 3243 995 3332 facile
1021 3246 1071 3338 sit
1103 3245 1147 3338 iu
1179 3240 1397 3346 vainciis
1425 3243 1567 3370 postris
1595 3241 1796 3362 exemplar
1824 3243 1987 3360 aliquod
2015 3246 2207 3349 inveniri,

527 3421 611 3477 non
637 3396 802 3477 omnino
830 3382 1100 3478 iniucundum
1130 3411 1341 3478 sacrorum
1370 3383 1526 3468 rituum
1553 3386 1792 3480 amatoribus
1811 3418 1896 3484 rem
1916 3388 2084 3484 facturos
2097 3411 2208 3513 puta·

359 3605 370 3628 ,
526 3533 674 3638 vimus,
690 3535 723 3616 si
751 3551 791 3614 et
818 3527 1092 3624 kalendarium
1120 3522 1348 3630 ederemus,
1375 3542 1416 3614 et
1443 3526 1531 3640 ipso
1563 3557 1612 3621 ex
1644 3525 1845 3618 Breviario
1862 3530 1984 3646 plura
1998 3537 2039 3626 in
2054 3532 2098 3628 II
2116 3533 2206 3640 Pan

526 3692 565 3756 te
593 3669 904 3760 traduceremue
933 3667 1030 3754 Non
1057 3671 1165 3758 euim
1193 3666 1421 3780 putandum
1449 3661 1698 3766 Breviorium
1726 3668 1855 3779 istud,
1873 3672 1918 3762 id
1936 3693 2102 3772 tantum
2116 3705 2204 3764 con.

527 3815 679 3916 tinere,
708 3809 821 3924 quod
850 3816 1009 3906 ineunte
1037 3809 1159 3909 XVI
1176 3799 1331 3904 saecule
1359 3809 1541 3922 Lyeiemi
1569 3814 1612 3895 in
1640 3809 1815 3908 Ecclesia
1848 3817 2105 3924 servamur,
2135 3817 2203 3906 sed

534 3953 604 4040 illa
633 3983 798 4070 quoque
826 3951 973 4057 haberi,
992 3981 1094 4066 quae
1108 3972 1196 4048 ante
1215 3954 1307 4054 actis
1320 3948 1482 4040 saeculis
1500 3957 1541 4046 in
1555 3979 1634 4052 usu
1655 3973 1774 4048 erant.
1804 3951 1896 4076 lpse
1924 3987 2089 4076 quoque
2116 3961 2205 4086 piis·

529 4100 653 4185 simus
680 4091 902 4190 Canonicus
933 4089 1257 4192 Bartlmlomaerre
1290 4096 1535 4202 Cerasinius,
1553 4099 1667 4197 carius
1695 4101 1948 4211 potissimum
1975 4079 2069 4192 cura
2099 4097 2203 4197 illud

527 4236 684 4326 editum
711 4267 760 4330 ex
798 4233 1088 4353 antiquioribus
1124 4233 1263 4346 libris,
1300 4261 1341 4339 et
1378 4235 1773 4348 Consuetudinibus,
1816 4242 2041 4358 ritibusque
2077 4274 2204 4342 excat.

527 4404 647 4500 prum
675 4400 858 4491 matur,
886 4401 927 4474 et
956 4409 1048 4480 vrrs
1074 4380 1191 4495 ptura.
1218 4384 1262 4482 in
1290 4412 1338 4484 eo
1365 4403 1489 4489 sunt,
1517 4371 1910 4500 quaererentur
1939 4381 2120 4480 redoleat
2138 4413 2205 4482 aa»

529 4527 766 4654 aquatam,
1232 4555 1241 4562 ·
1782 4527 1791 4558 ·
2119 4503 2123 4511 ’

628 4953 686 5056 (t)
713 4953 805 5056 opp.
834 4952 939 5042 Tort-
965 4951 1033 5044 IV,
1061 4979 1137 5060 pag·
1172 4955 1252 5042 106.
1282 4955 1377 5040 Edit.
1406 4955 1573 5042 t‘erosit.
