4754 6604
928 533 1084 656 (ΠΙ)
1197 617 1205 633 -
1358 421 1420 468 ·e

167 733 248 801 tera
275 713 508 804 huiusmodi
542 713 794 818 discimus,
779 737 832 800 ιιι
861 715 908 795 u't
935 709 1258 797 kalendariorum
1286 737 1362 823 ope
1382 705 1442 794 ad
1470 708 1634 795 illorum
1666 697 1847 825 tempora

169 857 284 969 quasi
309 855 454 945 advehi
483 857 717 963 videamur,
745 859 855 945 etin
883 852 1027 960 Ur,be
1058 877 1099 942 et
1125 885 1198 971 per
1225 855 1310 938 eius
1337 851 1501 958 Platees,
1528 852 1709 976 Templa,
1724 855 1848 1002 llrea·

173 1021 253 1104 ιιι,
291 1000 325 1088 F
326 1037 397 1092 ura
424 1009 580 1092 versari.

290 1145 448 1236 Fadcm
473 1177 669 1264 quoquc,
698 1165 738 1232 et
764 1138 959 1256 ampliora
987 1141 1150 1228 fortasse
1177 1139 1230 1227 de
1245 1055 1482 1226 kalendariis
1499 1089 1778 1228 Ecclesiasticis
1792 1141 1852 1228 di·

173 1289 297 1378 cauda
326 1311 463 1376 essent.
492 1289 647 1374 Scilicet
674 1285 918 1400 amplissima
946 1289 1111 1370 nomina
1139 1307 1234 1370 sunt
1263 1281 1473 1386 Buclterit‘,
1502 1259 1795 1388 Promona,
1755 1281 1856 1371 Flo-

172 1437 369 1537 renatus,
400 1433 623 1537 Murtenir’,
653 1428 891 1533 Mazackiz,
921 1425 1174 1531 Muratorii,
1208 1424 1399 1542 Georgii,
1438 1423 1666 1532 Marcellia,
1696 1428 1856 1513 Russus·

175 1573 266 1682 idi,
297 1576 552 1683 Zachariae,
586 1596 629 1662 et
657 1576 700 1661 hi
727 1601 895 1680 omnes,
933 1574 1111 1688 aliique,
1139 1597 1316 1686 quorum
1344 1571 1506 1655 nomina
1551 1567 1720 1687 longum
1758 1588 1858 1656 esset

178 1743 406 1821 recensere,
435 1713 662 1801 kalendaria
691 1712 961 1802 Ecclesiamm
989 1713 1232 1821 ediderunt,
1264 1743 1388 1830 eaque
1416 1717 1519 1800 uotis
1548 1716 1669 1798 etiam
1696 1711 1860 1798 adorna·
1969 1717 1972 1723 ’

176 1874 303 1962 runt,
331 1885 405 1946 nec
431 1858 523 1971 quis
549 1883 617 1939 eos
645 1883 788 1938 vanam
817 1852 953 1941 lusisse
979 1884 1144 1969 operam
1172 1856 1432 1960 existimavit,
1450 1859 1551 2000 quin
1567 1858 1723 1973 potius,
1742 1875 1859 1972 quot

141 2018 283 2112 *quot
310 1996 457 2082 eruditi
485 1997 669 2100 suerunt,
696 2025 839 2084 eorum
876 1995 1019 2082 studiis
1057 1996 1247 2112 plaudere
1285 2027 1366 2082 non
1403 2020 1612 2083 cessarunt
1641 1999 1726 2086 Nec
1754 1997 1874 2092 illud

181 2136 457 2226 obiiciendum
484 2135 712 2242 torreant,
740 2135 858 2250 plura
886 2169 989 2254 quae
1018 2169 1040 2224 ι
1069 2137 1195 2224 doctis
1231 2140 1328 2222 viris
1365 2135 1472 2224 edita
1510 2165 1604 2226 sunt
1632 2140 1859 2226 kalendaria

183 2290 337 2392 mnae,
365 2283 430 2370 vel
462 2283 602 2370 saltem
630 2281 783 2372 mtrltae
810 2285 1053 2397 antiquitatis
1082 2310 1184 2387 esse,
1214 2309 1340 2397 caque
1367 2285 1553 2390 tertium,
1583 2287 1864 2398 quintum,o·

182 2451 371 2534 curum,
396 2457 555 2561 nonum
575 2423 774 2511 Ecclesiae
800 2422 1005 2510 saeculum
1034 2427 1225 2540 attingere
1252 2450 1384 2539 eoque
1403 2425 1522 2510 titulo
1549 2430 1749 2542 quantivis
1778 2459 1865 2541 pre·

188 2572 235 2654 tii
264 2597 367 2675 etse,
396 2597 493 2660 cnm
519 2587 651 2652 nostra
679 2563 750 2655 ad
761 2552 894 2668 XlV,
922 2561 987 2660 vel
1016 2564 1137 2648 etiam
1175 2561 1256 2646 XV
1282 2564 1489 2650 saeculum
1515 2571 1743 2680 pertineant
1772 2568 1868 2656 Non

187 2740 282 2797 uero
310 2713 445 2801 omnia
473 2727 576 2825 quac
604 2699 767 2824 vulgata
795 2707 902 2794 ab''
876 2733 944 2792 us
953 2699 1178 2790 latendum
1206 2701 1389 2788 eiusdem
1417 2707 1661 2820 antiquitatis
1689 2731 1771 2790 esse
1800 2704 1860 2791 di·

190 2871 458 2975 gnoscuntur,
481 2851 586 2963 quin
614 2850 735 2933 stiam
763 2867 803 2934 et
831 2845 960 2935 multa
987 2866 1081 2932 sunt
1108 2848 1250 2930 nostris
1280 2843 1452 2959 Appulis
1480 2851 1720 2932 recentiora.
1748 2869 1788 2932 et
1821 2867 1869 2933 ut

156 2996 325 3110 'aliqua
354 2991 531 3105 exempli
559 3019 690 3082 caussa
718 2991 785 3076 hie
812 2988 1091 3094 adducamus,
1127 2983 1428 3096 kalendarium,
1467 2985 1581 3106 quod
1616 2987 1872 3081 doctissimus

191 3135 319 3222 Lucas
338 3133 564 3222 Dacherius
588 3163 641 3224 ex
668 3128 899 3222 Corbeieusi
942 3129 1102 3220 Codice
1128 3133 1346 3252 vulgavit,
1380 3137 1546 3249 ipsemet
1588 3141 1689 3222 circa
1718 3167 1869 3222 aunum

192 3271 484 3368 MCCCXXVI
509 3278 707 3387 scriptum
735 3293 910 3362 testatur.
928 3269 1216 3362 Kalenderium
1242 3305 1407 3392 quoquc
1435 3275 1729 3362 mediolanense
1755 3309 1779 3362 ι
1807 3277 1871 3362 Cl.

195 3417 374 3532 Georgio
398 3413 558 3502 editum
595 3416 648 3502 ad
683 3409 807 3500 finem
836 3411 980 3498 saeculi
1012 3417 1101 3502 XV
1119 3481 1145 3522 ‚.
1168 3439 1216 3500 nt
1253 3438 1294 3502 et
1336 3416 1712 3502 Vallombrosanum
1748 3419 1872 3504 aZa·

192 3559 355 3662 charia,
382 3575 424 3640 et
450 3554 715 3660 Bononiam,
743 3567 784 3632 et
811 3550 1050 3666 Aquileiae
1064 3587 1085 3640 ι
1101 3555 1305 3644 Friderico
1323 3557 1496 3643 Althano
1515 3553 1671 3643 editum
1699 3557 1751 3644 ad
1770 3558 1874 3646 XIV

196 3699 400 3797 succidunt
426 3699 591 3792 omnino
618 3702 814 3810 pertinere
841 3717 1069 3788 noscuntur.
1097 3695 1220 3784 Haud
1251 3729 1346 3784 vero
1385 3699 1788 3813 praeclarissimorum
1817 3705 1876 3787 vi·

197 3875 338 3930 rorum
366 3846 555 3946 nomina,
582 3869 760 3954 quorum
788 3842 1076 3945 meminimus,
1105 3858 1147 3926 et
1181 3841 1234 3926 ab
1261 3844 1310 3928 iis
1337 3841 1454 3927 adita·
1480 3840 1710 3929 kalendaria
1744 3843 1878 3932 attuli·

197 4013 311 4092 anus,
327 3984 439 4098 quasi
457 4011 529 4066 nos
557 3981 622 4066 vel
650 4013 673 4066 ι
702 3981 821 4099 longe
835 4011 932 4068 cum
961 3983 1058 4094 ipsis
1085 3987 1306 4096 comparari
1338 4015 1453 4100 posse
1471 3987 1710 4094 audeamus,
1729 3985 1794 4070 vel
1813 3986 1879 4072 ka·

198 4124 373 4216 lendaria
402 4123 471 4214 illa
498 4127 633 4210 omnia
662 4153 758 4210 cum
786 4127 930 4216 nostris
956 4123 1098 4238 aliquo
1126 4123 1252 4210 modo
1278 4131 1526 4243 aequiparari
1555 4157 1667 4242 posse
1681 4149 1879 4243 putemus

204 4265 303 4352 Non
332 4262 499 4370 stadiis,
542 4262 617 4352 sed
654 4265 893 4360 milliaribus
934 4263 1251 4384 quamplurimis
1276 4293 1348 4352 nes
1375 4267 1426 4354 ab
1461 4271 1509 4354 iis
1537 4265 1709 4377 distare,
1736 4266 1801 4352 vel
1830 4267 1881 4354 li·

201 4406 342 4506 beuter
370 4403 552 4496 fatemur,
582 4403 640 4503 Et
666 4425 925 4503 monumenta
952 4431 1118 4524 quoque
1145 4406 1199 4494 ab
1227 4409 1275 4492 iis
1303 4405 1464 4526 vulgata
1497 4407 1619 4528 longe
1644 4416 1785 4496 nostris
1812 4443 1882 4500 no-

202 4546 342 4646 biliora
371 4565 465 4647 sunt
485 4607 498 4652 ,
517 4565 566 4644 et
594 4549 900 4658 praestantiorar
927 4575 1000 4636 nec
1027 4569 1163 4638 nostro
1191 4544 1243 4638 de
1271 4548 1454 4636 theseum
1480 4579 1584 4655 nos,
1620 4569 1668 4633 ut
1703 4547 1881 4636 doctissi-

209 4690 270 4786 uti
294 4687 365 4796 illi,
383 4707 541 4792 vetera,
564 4708 609 4773 ιι
637 4717 760 4794 nova,
779 4692 921 4776 nostris
949 4693 992 4776 in
1019 4689 1153 4792 nour,
1181 4708 1220 4774 et
1246 4687 1588 4776 observationibus
1616 4688 1791 4804 prolerre
1808 4715 1882 4773 uu·

202 4859 329 4944 quam
356 4835 584 4944 poterimus
613 4827 692 4921 sed
721 4829 813 4916 licet
841 4829 1084 4966 qrraudnque
1112 4853 1234 4979 parva
1262 4855 1500 4943 componere
1527 4832 1696 5036 magnis,
1718 4829 1884 4946 quohc-

209 4999 306 5074 rum
332 4969 476 5075 ιιιιιδιι
505 4971 574 5060 illa
602 4991 869 5100 protegantur.

1412 5087 1433 5162 Ξ
