4914 6610
1225 581 1463 700 itii)

571 813 577 824 ·
608 815 629 856 ·,
655 757 777 867 Quod
808 787 905 842 vero
932 785 981 840 ex
1008 755 1283 839 intercessione
1310 751 1352 834 S·
1383 749 1617 866 Archangeli
1648 755 1808 859 Zotoni,
1822 757 1987 872 eiusque
2012 755 2215 848 Beneven-

483 901 486 904 ’
544 905 642 987 tanis
670 897 779 985 haud
806 899 940 1002 licuit,
969 894 1232 1010 Garganicam
1260 891 1446 1010 videlicet
1474 889 1705 1004 depraedari
1734 895 1976 1002 Ecclesiam,
2005 899 2116 984 licuit
2144 934 2217 1016 po-

545 1063 626 1125 stea
655 1039 847 1143 Graecis,
881 1066 960 1121 non
997 1031 1167 1147 quidem
1204 1062 1306 1117 anno
1336 1031 1488 1138 DCL,
1526 1064 1609 1147 quo
1648 1038 1845 1122 incassum
1882 1037 1927 1122 id
1968 1061 2214 1128 tentarunta

542 1178 782 1265 Grimoaldo
810 1179 1023 1262 Beneventi
1046 1179 1160 1262 Duce
1190 1172 1407 1287 profligati,
1441 1203 1520 1286 qua
1551 1174 1603 1261 de
1634 1208 1677 1262 re
1722 1177 1915 1295 legendus
1954 1187 2119 1267 omnino
2147 1186 2205 1272 Cl

538 1319 784 1402 Muratorius
813 1316 1002 1402 adituris
1031 1342 1212 1416 annum,
1240 1310 1318 1396 sed
1344 1316 1416 1428 qui
1440 1311 1678 1424 Constante,
1716 1322 1799 1404 sive
1827 1319 2056 1407 Constantio
2086 1324 2215 1440 Impe

538 1477 667 1540 ratore
695 1487 797 1540 anno
827 1455 999 1543 DCLX
996 1455 1070 1540 III
1087 1451 1306 1538 Tarentum
1333 1458 1489 1566 appulsi
1517 1479 1641 1541 totam
1670 1457 1860 1571 Apuliam
1891 1463 1999 1548 ferro
2020 1530 2032 1572 ,
2055 1487 2095 1551 et
2123 1497 2207 1553 san·

540 1600 662 1712 guine
690 1591 917 1702 foedarunt,
935 1620 974 1680 et
1001 1601 1104 1682 inter
1135 1599 1311 1684 'civitates
1340 1593 1432 1679 alias
1460 1595 1669 1682 Luceriam
1706 1597 1889 1689 funditus
1916 1603 2204 1696 destruxerunt

541 1737 641 1846 Quis
670 1741 777 1820 enim
807 1736 927 1822 fuerit
964 1737 1227 1850 postmodum
1256 1737 1500 1853 Garganicae
1538 1736 1736 1821 Ecclesiae
1777 1761 1928 1864 status,
1966 1774 2014 1826 ex
2042 1743 2152 1834 Actis
2172 1783 2210 1836 e·

537 1859 670 1961 ruitur
697 1877 734 1960 S.
764 1875 933 1984 Barbati,
961 1885 1032 1993 qui
1061 1911 1163 1964 anno
1193 1878 1432 1968 DCLXIII
1450 1878 1564 1988 petiit
1591 1877 1845 1994 obtinuitque
1873 1902 1919 1964 ut
1938 1882 2115 1975 Ecclesia
2145 1897 2212 1980 illa

538 2009 815 2103 Beneventano
844 2001 1049 2131 Episcopo
1075 2019 1333 2104 subiiceretur
1361 2035 1404 2100 :a
1439 2017 1641 2131 Quoniam
1668 2021 1813 2134 absque
1843 2021 2057 2112 cultoribus
2076 2041 2211 2120 omnia

549 2157 856 2270 depravantur,
893 2160 1001 2244 unde
1029 2191 1104 2246 nec
1141 2159 1324 2245 sedatam
1352 2160 1442 2244 Deo
1468 2157 1550 2242 illic
1591 2161 1836 2273 sacrficium
1868 2168 2054 2277 persolvi
2077 2195 2216 2286 potest.

540 2297 781 2382 Nullimodo
810 2277 904 2384 vero
933 2299 1191 2402 dubitamus,
1228 2304 1328 2413 quin
1365 2329 1388 2380 a
1416 2299 1453 2380 S.
1482 2297 1682 2410 Episcopo
1713 2303 1896 2419 'restituta
1926 2303 2050 2396 *suerit
2077 2315 2214 2403 Eccle-

543 2443 619 2542 sia,
648 2461 688 2522 et
715 2467 820 2522 sacer
847 2442 888 2522 in
907 2469 956 2523 eo
970 2461 1168 2552 reparatus
1187 2438 1327 2524 cultus
1345 2435 1535 2524 Pluribus
1563 2469 1658 2522 vero
1672 2463 1803 2552 postea
1818 2442 2106 2563 direptionibus
2123 2459 2212 2544 sule

546 2587 644 2666 iecta
673 2577 835 2663 fortasse
862 2579 972 2684 fuit,
1000 2601 1039 2664 et
1066 2585 1238 2666 maxime
1274 2610 1297 2664 a
1325 2579 1545 2681 Saracenis,
1584 2605 1654 2690 per
1682 2579 1874 2692 Apuliam
1911 2587 2028 2706 longe
2055 2593 2211 2714 lateque

544 2727 645 2806 circa
673 2718 928 2807 medietatem
957 2721 1101 2806 saeculi
1130 2723 1204 2808 IX
1222 2718 1513 2838 grassantibuS,
1541 2723 1593 2802 ita
1630 2745 1676 2807 ut
1692 2722 1850 2808 deserta
1873 2727 1999 2842 fieret
2028 2727 2210 2821 etruriae·

543 2893 622 2968 sa,
650 2881 689 2945 et
716 2861 807 2945 hinc
845 2891 947 2944 anno
977 2861 1276 2949 DCCCLXV
1292 2893 1314 2946 a
1343 2857 1551 2946 hedavico
1580 2861 1634 2946 II
1652 2861 1893 2975 Imperatore
1923 2873 2055 2984 sigoni
2089 2875 2210 2962 Bene·

544 3023 712 3086 ventano
741 2999 941 3114 Episcopo
969 3002 1116 3082 iterum
1144 2995 1417 3084 commendata
1445 2993 1575 3081 fuerit.
1593 2997 1708 3084 Stetit
1728 2993 1857 3088 tamen
1880 3005 2016 3092 Sancta
2042 3011 2211 3101 Ardran·

543 3143 623 3257 geli
651 3138 843 3245 Basilica,
881 3125 921 3222 et
949 3141 1062 3222 toties
1090 3137 1242 3250 direpta
1263 3158 1310 3246 (et
1337 3137 1473 3220 vexata
1501 3158 1576 3222 stat
1604 3170 1710 3226 nunc
1744 3175 1907 3260 quoque
1945 3180 2089 3271 magno
2117 3185 2206 3270 gau-

544 3277 642 3364 dens
671 3279 839 3381 honore,
868 3282 922 3361 ita
950 3300 998 3362 ut
1024 3308 1075 3361 ex
1101 3277 1177 3360 hoc
1220 3280 1338 3360 etiam
1373 3279 1560 3388 peculiari
1588 3283 1630 3364 in
1658 3287 1899 3393 protectione
1942 3289 2121 3388 eiusdem
2140 3295 2210 3376 Ar.

546 3415 723 3530 changeli
752 3407 926 3502 Basilica'
943 3418 1097 3506 isthaec
1113 3408 1241 3499 luisse¹
1260 3435 1301 3498 et
1328 3444 1408 3502 esse
1438 3415 1700 3534 dignoscatur.

576 3667 2209 3719 ..----,-..-.-------..-....-......-,,

544 3831 727 3910 revelatus
755 3845 806 3906 est
833 3848 874 3910 tet
897 3837 1074 3932 sequirur..
1097 3838 1192 3914 Anne
1215 3865 1296 3914 rero
1321 3839 1556 3942 Neapolitanos
1580 3844 1728 3945 Scriptor
1752 3846 1832 3922 alter
1853 3876 2034 3952 paganos,
2062 3869 2095 3929 ot
2118 3860 2210 3956 quod

544 3962 648 4058 magis
672 3970 744 4054 est,
773 3957 854 4032 alter
879 3960 1055 4038 barbaros
1080 3958 1302 4066 appiflasset?
1344 3965 1451 4055 Addit
1486 3969 1820 4050 deindeltumndus:
1852 3975 2005 4076 ipsemet
2050 3980 2211 4056 Mrctaet

427 4076 442 4092 ⁶
536 4087 718 4188 “fundavit
735 4084 954 4196 ,Ecclesiam
978 4107 1015 4168 et
1039 4101 1262 4172 consecravit
1292 4097 1436 4191 uitare,
1464 4099 1558 4174 wide
1590 4099 1722 4173 dicitur
1755 4106 1854 4172 stetit
1890 4101 2054 4203 Angelus
2100 4114 2207 4180 iuxta

543 4235 654 4284 aram
690 4213 809 4304 templi
848 4230 918 4290 etc.
971 4214 1073 4316 (hoe
1116 4219 1336 4302 Offertorinm
1378 4223 1498 4324 legitur
1530 4227 1565 4300 in
1607 4224 1757 4325 Missa)
1795 4225 1880 4300 Hoc
1899 4228 1980 4332 suit
2013 4237 2052 4306 in
2085 4251 2203 4309 monte

545 4333 754 4432 Gargano:
778 4356 905 4438 postea
930 4331 1013 4418 vero
1038 4345 1201 4420 revelavit
1232 4347 1301 4423 Iroc
1338 4347 1539 4428 hominibus
1559 4377 1627 4452 per
1650 4353 1869 4453 Episcopum
1895 4355 2070 4455 Regionis
2095 4359 2203 4436 iliius.

544 4458 743 4576 Quibusex¹
769 4464 881 4542 verbis
906 4480 993 4566 patet
1017 4471 1280 4552 revelationem
1291 4480 1469 4576 petinam,
1494 4490 1531 4553 et
1554 4478 1770 4577 posteriorem
1797 4481 1998 4564 Victoriam
2016 4483 2115 4560 simul
2132 4511 2209 4560 con-
2296 4577 2300 4584 Ι

540 4581 670 4676 fudisse.
2079 4629 2085 4637 ·
