4870 6630
492 775 558 860 die
594 763 760 858 alternis
802 764 960 852 vicibus
1007 767 1183 854 crebritas
1231 762 1415 852 visitare.
1462 774 1502 842 et
1549 789 1656 849 atra
1687 755 1793 845 illius
1834 755 1910 842 nni
1942 755 2067 846 alicui
2112 763 2188 850 de.

491 920 554 1004 bet
582 914 742 1024 iniungi
768 911 838 1023 qni
865 906 1051 993 similiter
1078 897 1333 992 administret
1359 909 1403 990 ei
1428 925 1465 991 et
1494 921 1625 990 cmttst
1666 904 1743 988 sebi
1767 899 2012 988 mattm‘mtm
2040 901 2104 1020 (1)
2134 921 2173 988 et

350 1141 354 1152 ,
490 1073 647 1144 σείεται
676 1050 797 1133 boras
826 1047 917 1132 diei.
952 1049 1037 1164 Qui
1060 1053 1101 1134 si
1126 1056 1366 1165 cognoverit
1394 1079 1485 1134 etan
1512 1048 1672 1148 viribus
1710 1047 1890 1161 torporis
1923 1062 2083 1162 ceptum
2112 1043 2183 1129 de»

496 1203 608 1285 stt'tta'
635 1188 791 1279 nuntiet
817 1192 977 1276 domino
998 1191 1132 1306 priori
1158 1210 1197 1278 et
1225 1197 1370 1280 ceteris
1381 1187 1600 1304 fratribus
1632 1189 1748 1300 Mon
1784 1188 1912 1302 igitur·
1948 1205 1991 1269 at
2018 1193 2179 1273 nontra-

455 1323 472 1336 λ
499 1355 586 1420 tum
598 1333 739 1448 fueret
766 1331 861 1416 dato
888 1327 1005 1443 signo
1034 1359 1126 1415 cam
1163 1335 1275 1416 orani
1299 1330 1571 1446 fistinatrone
1607 1355 1746 1414 omnes
1787 1323 1849 1410 ad
1886 1330 2179 1458 annasteriam

496 1481 749 1564 conveniant.
779 1475 918 1591 Ibrqne
947 1470 1233 1561 ebdomadario
1260 1475 1355 1563 alba
1383 1493 1420 1562 et
1447 1473 1547 1558 stola
1574 1469 1716 1557 iaaac
1741 1468 1982 1581 acciptentes
2017 1495 2170 1582 aptam

493 1617 747 1705 benedictam
774 1632 812 1698 et
840 1615 1083 1700 timnbalron
1111 1647 1203 1702 cnm
1232 1617 1383 1704 deabus
1421 1612 1679 1700 candelabris
1716 1625 1754 1696 et
1791 1606 1877 1692 oleo
1911 1604 2164 1721 irfinaorton

498 1765 587 1847 sine
615 1787 730 1840 mora
758 1752 820 1838 ad
843 1755 977 1840 mcum
1007 1784 1083 1872 qno
1111 1758 1296 1874 infirmus
1325 1764 1430 1844 iacet
1461 1758 1731 1868 perveniatur
1765 1751 1881 1866 Quo
1900 1777 1993 1832 anm
2024 1776 2175 1860 perve-

490 1902 596 1986 nerit
625 1912 842 2010 antequam
869 1894 1033 1980 domum
1061 1903 1242 2006 introeat,
1270 1903 1309 1986 si
1333 1891 1562 2007 interfuerit¹
1599 1892 1784 1978 ammonas
1814 1887 2056 2008 Patriarclta
2099 1882 2173 1970 ael

482 2047 602 2160 prior
627 2040 735 2126 dicat
767 2037 814 2124 in
834 2042 995 2150 pn'rats.
1023 2068 1101 2152 pax
1128 2040 1223 2124 huic
1250 2038 1393 2125 domui
1419 2042 1495 2130 III
1504 2039 1663 2124 vicibus
1692 2052 1729 2119 et
1759 2038 1886 2120 ceteri
1905 2030 2071 2147 ‚fratres
2108 2064 2171 2120 re·

487 2179 720 2296 spondeant
746 2202 787 2264 et
813 2178 1001 2264 omnibus
1028 2177 1295 2264 habitantibus
1321 2183 1365 2264 in
1391 2207 1447 2262 ea.
1476 2174 1611 2264 Simili
1626 2173 1755 2272 ²modo
1783 2177 1981 2261 intrantes
1997 2173 2164 2262 doouon

490 2319 756 2403 decantentur
784 2318 836 2405 V
829 2318 880 2405 II
895 2314 1050 2430 psalmi
1068 2317 1357 2432 paenitentiales.
1384 2318 1537 2433 adopt
1564 2323 1686 2404 intret
1712 2321 1840 2402 orato
1863 2315 1938 2402 oet
1958 2345 2008 2402 ae
2034 2321 2153 2402 remi-

488 2462 648 2546 niscaris
676 2457 782 2544 Psal
809 2457 985 2548 Domine
1011 2484 1064 2540 ne
1087 2457 1132 2542 in
1157 2453 1296 2562 furore
1329 2478 1369 2544 et
1395 2477 1544 2546 ceteros
1570 2490 1663 2560 etan
1687 2459 1817 2574 gltrn'a
1839 2461 1960 2572 patri.
1991 2460 2039 2547 la
2054 2458 2146 2573 fine

481 2600 738 2716 psalmorum
765 2603 890 2686 oratio
915 2599 1037 2684 Paroa
1064 2595 1228 2686 domine
1255 2629 1372 2714 paroe
1397 2599 1551 2686 famulo
1578 2625 1659 2686 tuo
1686 2603 1834 2694 Postea
1862 2599 2050 2685 dominos
2077 2601 2153 2686 Pa-

479 2742 664 2830 triarcba
690 2741 765 2830 vel
786 2745 904 2858 prior
927 2745 967 2826 si
974 2736 1145 2852 snem'nt
1171 2744 1239 2826 sin
1265 2759 1403 2827 atnam
1428 2741 1740 2830 ebdomadarius
1764 2743 1866 2829 stola
1893 2740 2057 2826 incitans
2089 2740 2151 2824 di·

480 2898 548 2970 cat
582 2881 777 2970 letaniam
803 2901 841 2972 et
869 2915 962 2972 cam
989 2879 1276 2996 capittdan‘btts
1298 2886 1486 2996 precibus
1512 2887 1711 2970 orationes
1738 2881 1815 3000 (a).
1842 2885 1907 2970 De
1926 2882 2021 2966 lanc
2038 2909 2155 2988 acceq

476 3043 551 3140 pta
580 3021 829 3134 confessione
854 3029 909 3112 ab
934 3024 1095 3141 infirmo
1120 3052 1259 3108 omms
1294 3047 1406 3114 orent
1442 3058 1568 3143 super
1600 3057 1702 3113 eum
1733 3027 1961 3143 Antequam
1999 3055 2148 3138 peston

476 3184 601 3284 gatar
627 3164 812 3281 t'rfirmns
839 3169 1026 3256 dominus
1054 3168 1175 3253 Prior
1201 3165 1293 3257 cnm
1324 3168 1541 3260 Sacerdote
1575 3167 1657 3252 alio
1683 3167 1784 3254 stola
1812 3165 1955 3252 tactas
1983 3164 2091 3250 dicat
2118 3168 2151 3246 i-

476 3333 587 3408 stam
625 3287 847 3401 cratonem
876 3341 969 3402 aum
996 3307 1190 3398 dominus
1217 3315 1426 3398 vobiscum
1460 3311 1552 3398 Or.⁰
1566 3309 1743 3394 Domine
1768 3306 1859 3392 Iesu
1893 3303 2052 3396 Christe
2088 3343 2160 3425 per

476 3454 727 3569 Apostolum
755 3473 882 3539 tuum.
904 3455 986 3550 *Isti
1012 3471 1146 3538 antem
1167 3453 1324 3568 psalmi
1351 3469 1564 3540 cantentur
1590 3448 1689 3538 dom
1716 3452 1910 3540 sacerdos
1945 3437 2059 3572 tingit
2085 3459 2146 3541 in-

456 3591 653 3709 fimam·
674 3595 780 3684 Psat
798 3596 965 3683 Domini
983 3616 1042 3681 est
1072 3617 1200 3694 torta:v
1220 3594 1330 3681 Inte
1356 3593 1524 3680 domine
1549 3597 1726 3706 speravi:
1754 3591 1836 3702 Qui
1863 3595 2032 3680 habitat:
2061 3592 2147 3678 Ma·

477 3758 615 3822 mento
644 3733 839 3822 domine:
867 3737 973 3821 Ecce
1000 3765 1123 3851 quam
1151 3735 1306 3822 Ιιοιιιιιιι
1346 3755 1386 3822 et
1414 3763 1567 3848 quam:
1604 3729 1841 3821 confitebor
1877 3735 1950 3822 tibi
1987 3733 2153 3822 domine

571 4153 628 4254 (ι)
654 4153 754 4253 Apud
779 4155 1022 4231 Ecclesiasticus
1046 4156 1206 4252 sequioris
1229 4154 1305 4229 aeri
1328 4156 1502 4254 scriptores
1534 4177 1603 4228 non
1635 4177 1767 4254 semper
1804 4179 1870 4230 vox
1908 4172 2061 4233 cantare
2083 4183 2148 4256 pto

471 4301 603 4357 canere
627 4283 804 4380 accipitur,
830 4281 889 4355 sed
915 4282 1013 4357 etiam
1036 4307 1099 4382 pro
1121 4282 1274 4378 recitare,
1301 4295 1338 4354 ιιι
1361 4279 1519 4383 plutibus
1542 4281 1654 4356 docuit
1685 4281 1827 4383 Gangites
1850 4281 1961 4361 verbo
1982 4301 2140 4363 cantare
2184 4360 2188 4368 .

469 4430 510 4480 2.
539 4401 643 4496 Quot
667 4431 747 4482 vero
771 4405 894 4483 dicitur
915 4413 1131 4483 nratntinam
1155 4432 1238 4510 qtae
1263 4427 1353 4482 nunc
1378 4405 1579 4507 appellantia
1602 4406 1742 4484 tasas
1765 4387 1923 4511 iatefflge.

574 4533 633 4638 (ι)
660 4533 751 4628 Quid
776 4533 839 4612 hee
863 4549 937 4611 sunt
964 4534 1210 4640 Capitnlares
1229 4539 1389 4638 preces?
1413 4534 1564 4639 intellige
1586 4561 1698 4638 preces
1730 4536 1799 4616 blas
1830 4519 2064 4645 astamus,
2091 4574 2134 4623 ac

462 4659 569 4740 aaut
592 4687 730 4763 precum
756 4665 954 4764 captata,
978 4691 1062 4766 quae
1087 4677 1163 4742 ante
1188 4665 1361 4746 Orationes
1386 4669 1618 4767 dicebantur,
1644 4683 1683 4746 at
1707 4671 1847 4749 omnino
1868 4685 1946 4749 sunt
1969 4700 2055 4775 quae
2074 4675 2140 4750 ho·

462 4787 519 4982 spe
550 4804 623 4906 post
648 4793 818 4874 Litaniam
840 4791 1044 4872 Sanctorum
1068 4807 1144 4875 ante
1171 4791 1339 4874 Orationes
1372 4801 1444 4878 sive
1474 4799 1518 4876 at
1542 4797 1748 4880 Primcm
1737 4827 1776 4881 ιιι
1812 4800 1929 4880 diebta
1964 4801 2138 4880 attona

397 4965 401 4973 ³
502 4933 634 5013 guntur
