4834 6602
14 5029 97 5200 f

15 5411 40 5450 ἱ

105 5525 153 5572 ,Ι

1011 605 1029 721 (
1065 639 1134 722 107
1166 609 1183 723 )
1897 727 1908 758 .

260 779 360 894 gliae
388 777 497 858 iuxta
527 769 727 858 dictamen
761 768 798 850 S.
822 767 1146 879 Bonavcntnrae,
1165 776 1405 862 visitationis
1435 773 1624 864 Officium
1651 788 1930 894 compositum

256 921 364 1002 Cum
394 947 487 1000 vero
517 920 775 1030 ignoramus,
811 949 873 1002 an.
890 917 1082 1004 Officium
1111 917 1185 1002 boc
1214 917 1336 1002 fuerit
1364 947 1531 1034 usquam
1564 923 1669 1030 typis
1699 921 1942 1037 vulgatum,

259 1061 349 1144 ideo
378 1056 482 1141 illud
511 1056 680 1142 edimus.
709 1057 766 1142 Et
794 1064 888 1173 quia
918 1057 1026 1144 istud
1062 1053 1176 1142 idem
1203 1055 1395 1142 Officium
1434 1061 1476 1144 in
1504 1057 1596 1142 Mss'.
1625 1059 1827 1146 Breviorio
1856 1063 1932 1148 Eo·

254 1199 391 1282 clasiae
420 1223 574 1284 nostrae
603 1197 897 1311 blelpbictensis
926 1199 1009 1314 (de
1038 1223 1122 1313 quo
1151 1202 1192 1282 in
1222 1196 1519 1284 Commentario
1558 1198 1753 1314 praevio)
1783 1203 1935 1288 inveni·

259 1373 381 1446 mns,
408 1375 455 1425 cr
484 1343 560 1424 boc
589 1363 628 1423 ct
658 1341 846 1426 Canusini
876 1342 1031 1438 lacunas
1056 1341 1247 1454 explere,
1287 1365 1327 1426 et
1355 1345 1546 1426 variantes
1574 1347 1692 1426 etiam
1721 1339 1773 1428 ad
1808 1347 1933 1437 imam

252 1488 435 1600 paginam
463 1480 651 1565 adnotare
680 1483 839 1594 placuit.

368 1623 461 1706 Visa
491 1624 682 1724 fortasse,
711 1644 750 1704 et
779 1623 878 1706 olim
907 1627 1048 1728 etiarn,
1078 1625 1211 1712 Officii
1239 1623 1357 1708 huius
1387 1625 1533 1711 inculta
1564 1626 1688 1712 facies.
1718 1625 1860 1708 Narrat
1888 1658 1926 1710 e·

254 1773 339 1856 uim
369 1772 410 1851 in
439 1767 600 1850 historia
629 1763 797 1849 Concilii
826 1764 1054 1850 Basileensis
1085 1769 1331 1884 Augustinus
1360 1769 1550 1852 Patricius
1590 1766 1699 1880 apud
1737 1765 1927 1851 eumdem

252 1911 491 1996 blartenium
522 1941 624 1995 antro
653 1909 796 1992 scilicet
826 1911 1124 1998 MCDXLIV
1144 1939 1276 1993 mense
1294 1909 1412 1993 Iunio
1429 1907 1687 2022 adprobatam
1707 1910 1827 2000 fuisse
1848 1911 1927 1992 fur·

248 2083 360 2136 marn
390 2056 482 2134 novi
513 2049 644 2134 Officii
674 2051 916 2134 Visitationis
946 2054 991 2138 B.
1021 2055 1196 2156 blaciae,
1237 2083 1359 2166 qtcam
1395 2083 1453 2135 ex
1491 2053 1626 2137 uacuis
1664 2055 1707 2137 T
1700 2053 1840 2146 laumas
1872 2055 1922 2136 de

259 2193 448 2277 Cancellis
477 2194 710 2302 composuit.
727 2189 839 2273 Hauc
868 2223 1148 2306 noram,quae
1177 2190 1491 2294 dicitnr,0fficii
1523 2197 1694 2276 forratam
1711 2194 1821 2277 illam
1842 2225 1922 2276 esse

253 2355 470 2446 putamus,
499 2363 622 2446 qnam
653 2337 694 2414 in
723 2331 923 2415 breviario
952 2333 1134 2442 Lyciensi
1164 2363 1265 2414 anno
1296 2333 1789 2442 MDXXVlirnpressO,
1810 2356 1850 2416 ct
1868 2332 1943 2436 de

246 2508 327 2588 qua
357 2480 475 2558 etiam
504 2479 545 2556 in
575 2473 871 2558 Commentario
899 2475 1089 2584 praevi0,
1118 2472 1297 2586 legimus.
1327 2471 1420 2554 Non
1448 2477 1612 2556 cornino
1642 2473 1836 2588 inelegans
1851 2497 1919 2578 est,

245 2639 286 2700 ct
313 2620 354 2698 in
385 2618 470 2726 ipso
498 2611 699 2697 Breviario
729 2609 975 2712 admonetur,
995 2609 1184 2695 Officium
1213 2610 1459 2724 praedictum
1488 2612 1664 2720 aXysto
1686 2611 1743 2694 IV
1761 2617 1916 2697 institu-

246 2781 333 2840 tum
363 2786 457 2840 cum
486 2751 760 2867 indulgentia,
789 2771 836 2832 nt
865 2754 905 2836 in
934 2749 1032 2832 festo
1060 2753 1317 2835 Sacratissimi
1346 2751 1532 2864 Corporis
1561 2749 1736 2858 Christi,
1775 2785 1913 2868 quam·

246 2903 304 2982 ris
332 2928 411 2982 non
441 2915 648 3008 praecepto
677 2889 857 2975 eiusdem
885 2889 1086 2978 Pontificis
1114 2891 1299 2974 Ecclesiis
1328 2888 1500 2994 datum,
1528 2889 1598 2974 sed
1629 2896 1704 2998 iis,
1734 2899 1805 3008 qui
1835 2891 1915 2976 vel-

245 3040 350 3142 lent,
380 3032 595 3124 indultum.
626 3031 673 3118 In
703 3033 857 3116 rubrica
886 3036 992 3114 enim
1021 3029 1117 3114 dicti
1148 3033 1336 3118 Breriarii
1366 3033 1510 3148 legitur
1538 3037 1649 3118 sic:
1683 3039 1826 3149 siquis
1846 3065 1914 3117 vo-

242 3184 391 3284 lucrit,
419 3177 493 3268 hoc
522 3178 731 3290 proprium
762 3171 866 3256 dicat
894 3172 1212 3288 officium,quod
1232 3175 1445 3286 pulchrum
1475 3203 1519 3288 ac
1547 3173 1709 3258 facilius.
1740 3179 1810 3259 Sin
1839 3205 1911 3256 an-

239 3351 320 3413 tem
350 3323 455 3408 dicat
483 3320 661 3405 officium
690 3318 741 3403 de
770 3316 983 3401 Nativitatu
1004 3317 1176 3432 Virginis
1196 3339 1352 3402 mutato
1372 3339 1503 3400 tamen
1531 3320 1691 3401 nominc
1720 3320 1903 3404 nativita-

240 3472 289 3553 tis
321 3472 360 3550 in
391 3495 536 3548 nomen
567 3464 804 3544 visitationis

352 3607 539 3716 Sequitur
567 3599 684 3682 Missa
714 3602 870 3712 propria
897 3601 934 3682 S.
953 3599 1085 3684 Sabini
1115 3600 1359 3684 celeberrimi
1388 3598 1575 3686 Canusini
1591 3599 1801 3714 Episcopi,
1821 3633 1906 3688 rrec-

235 3779 314 3834 non
343 3767 382 3827 ct
411 3743 604 3854 pccnliare
633 3745 820 3826 Officium
852 3739 1037 3854 praedicti
1066 3743 1103 3823 S.
1132 3737 1362 3846 PontificiS,
1392 3773 1468 3824 rana
1498 3765 1537 3826 et
1565 3744 1734 3827 alterum
1774 3745 1823 3828 ab
1853 3745 1906 3827 ,l-

236 3887 439 3971 tnanuensi
469 3880 628 3966 fortasse
656 3883 877 3994 depravata.
908 3882 964 3964 Et
993 3883 1108 3965 Missa
1138 3906 1178 3964 et
1206 3881 1396 3966 Officium
1425 3905 1532 3966 extra
1552 3882 1791 3968 hodiernum
1808 3905 1902 3965 suut

230 4057 370 4128 tasum,
399 4026 499 4137 quin
528 4045 567 4106 et
596 4023 703 4110 nulla
733 4022 784 4107 de
813 4029 859 4109 iis
887 4023 995 4165 apud
1024 4024 1242 4107 Canusinos
1272 4028 1472 4107 memoria.
1502 4025 1608 4107 Hinc
1635 4047 1676 4107 et
1705 4009 1901 4106 Ecclesiae

230 4167 448 4254 Canusinae
477 4161 683 4250 Canonicis
712 4170 983 4278 potissimum,
1013 4189 1100 4246 unu
1131 4187 1169 4247 et
1198 4166 1280 4247 aliis
1310 4165 1588 4276 per-Apuliam
1610 4164 1795 4248 Ecclesiis
1814 4196 1901 4247 rem

233 4329 448 4426 gratarn,ea
468 4306 533 4388 hic
547 4303 906 4410 edenteS,sacturos
921 4335 1132 4420 speramns.
1145 4306 1202 4388 Et
1216 4303 1267 4390 ad
1285 4306 1442 4388 Missam
1454 4304 1565 4419 quod
1594 4309 1897 4417 attinet,perve-

232 4471 377 4536 tustam
397 4467 593 4556 putamus,
613 4445 724 4562 quod
744 4449 976 4531 hexametris
992 4447 1190 4548 versibus,
1207 4467 1427 4530 nontamen
1449 4447 1665 4550 Leona'nr's,
1693 4470 1741 4530 ut
1769 4453 1892 4553 aiunt,

230 4583 414 4677 abundet.
444 4584 634 4671 Officium
663 4618 759 4672 vero
787 4588 940 4702 aliquos
968 4587 1147 4671 similitor
1177 4585 1395 4670 desinentes
1424 4617 1558 4672 versus
1586 4588 1713 4673 babet.
1742 4589 1893 4674 Lectio·

228 4763 296 4822 nes
323 4759 445 4842 porro
473 4730 656 4812 matutini
685 4728 887 4814 manifeste
923 4759 970 4811 ex
999 4729 1037 4813 S.
1065 4730 1200 4814 Sabini
1229 4733 1348 4835 actis,
1377 4763 1477 4845 quae
1516 4733 1567 4818 ab
1595 4733 1657 4817 Ill.
1666 4737 1891 4846 Praeposito
1942 4798 1946 4807 -

227 4875 395 4958 Tortora
423 4875 569 4954 iterum
598 4899 730 4953 recusa
759 4870 939 4974 fuerunt,
970 4892 1009 4952 et
1028 4899 1130 4984 quae
1148 4867 1257 4980 apud
1276 4868 1555 4957 Bollandianos
1573 4879 1691 4956 etiam
1710 4870 1763 4954 ad
1779 4871 1888 4958 diem

227 5015 289 5104 IX
316 5013 430 5098 Febr.
459 5011 675 5126 leguntur,
703 5009 907 5096 desumtae
935 5031 1057 5118 sunt,
1087 5014 1270 5126 quamvis
1297 5013 1349 5098 ab
1369 5013 1446 5177 pis
1474 5015 1672 5129 aliquibus
1709 5019 1752 5098 in
1789 5011 1883 5102 locis
