4870 6630
1034 633 1207 750 (67)·

623 951 767 1068 irretivit
798 944 896 1032 ordo
923 942 1321 1034 adbenedicendmn
1355 950 1614 1036 Cmtcnr‘eum.
1670 980 1673 991 ·

394 1237 540 1328 linita
553 1236 829 1350 'Responsorio
857 1250 1073 1350 antequam
1101 1233 1322 1345 inmittetur
1342 1228 1498 1316 alleluia
1529 1237 1696 1319 noenius
1725 1257 1956 1349 prosterna-

279 1399 345 1468 tur
371 1400 465 1468 ante
493 1379 621 1465 altare
651 1395 688 1461 et
718 1374 867 1460 duabus
919 1375 1157 1462 cantoribus
1185 1391 1369 1459 cantetur
1411 1375 1568 1458 letania
1597 1377 1793 1484 breviter,
1824 1401 1862 1466 et
1889 1388 1958 1467 ulti
1992 1367 1993 1371 Ν

280 1523 436 1610 dicim:
465 1520 527 1606 Ut
553 1517 821 1602 Patriareham
848 1535 1030 1598 nostrum
1059 1529 1131 1594 etc.
1160 1516 1297 1596 statim
1344 1515 1623 1628 subtungetur:
1656 1514 1714 1601 Ut
1751 1519 1953 1610 famulum

280 1688 398 1750 tuum
425 1659 658 1750 benedicete
686 1656 869 1772 digneris.
900 1677 938 1738 tc
967 1688 1049 1772 rog·
1082 1653 1225 1740 lea
1272 1650 1423 1735 letam‘a
1460 1683 1627 1766 surgens
1663 1656 1956 1746 benedicendus

282 1821 357 1887 stet
385 1821 477 1888 ante
509 1797 790 1905 Patriarclram
818 1814 857 1880 et
885 1794 994 1894 diem
1038 1790 1280 1880 Patrr'arclra
1310 1795 1376 1874 ei:
1407 1789 1547 1874 Frater
1576 1793 1635 1876 vis
1683 1793 1958 1884 abrenuntiare

285 1943 420 2030 seculo
446 1963 487 2026 et
514 1943 672 2054 pompis
700 1935 811 2021 eius?
839 1965 875 2023 r.
903 1932 1028 2018 Volo:
1060 1931 1146 2020 Vis,
1161 1926 1340 2041 profiteri
1354 1928 1618 2017 obedientiam
1650 1933 1871 2022 seeundum
1900 1971 1960 2025 re-

284 2082 424 2196 gulam
452 2082 488 2164 S.
517 2077 745 2194 Augustini?
766 2075 846 2166 ¹Vis
875 2103 1070 2162 assumere
1099 2072 1398 2154 conversionem
1428 2099 1592 2155 morum
1620 2075 1805 2159 tuorum?
1834 2075 1959 2166 Volo:

285 2226 484 2310 Dominus
512 2215 724 2300 auxilietur
753 2214 841 2297 tibi.
867 2213 1008 2296 Amen.
1029 2212 1171 2334 Postea
1200 2209 1493 2294 benedicendus
1521 2211 1642 2328 tegit,
1666 2212 1959 2327 prtfirs'sionem

275 2389 398 2450 ‚utam
426 2365 619 2472 scriptam
645 2362 691 2440 in
719 2387 801 2438 una
831 2353 982 2438 charta.

397 2499 490 2618 Ego
517 2499 636 2584 frater
664 2497 715 2582 N.
745 2497 868 2580 ollero
897 2499 1098 2608 meipsum
1126 2493 1262 2583 divine
1300 2497 1433 2606 pietati
1480 2499 1722 2618 serviturum
1750 2503 1792 2585 in
1821 2500 1958 2589 Eccle-

137 2680 142 2691 ·
252 2649 339 2731 sia
367 2644 606 2728 sanctissimi
633 2639 830 2752 sepulchri
858 2635 1014 2722 domini
1042 2642 1163 2721 nostri
1193 2639 1277 2720 iesu
1306 2635 1453 2720 Christi
1481 2639 1557 2724 sub
1605 2645 1789 2727 canonica
1819 2646 1957 2761 regula

285 2790 320 2872 S.
351 2785 565 2901 Augustini
593 2785 675 2865 sine
702 2783 938 2892 proprietate
965 2799 1006 2862 et
1034 2782 1076 2862 in
1104 2780 1277 2865 castitate
1313 2781 1447 2864 vivere
1475 2799 1515 2864 et
1553 2785 1747 2894 promitto
1773 2781 1959 2871 obedien·

288 2933 384 3014 tiam
413 2925 581 3010 domino
608 2921 852 3006 Patriarchae
879 2918 930 3003 N.
958 2941 998 3006 et
1034 2920 1322 3005 successoribus
1351 2924 1437 3005 eius
1465 2951 1566 3036 quos
1594 2926 1723 3008 sanior
1751 2956 1840 3038 pars
1867 2959 1960 3016 con-

279 3071 524 3190 gregationis
553 3063 732 3150 eiusdem
761 3060 912 3147 ordinis
941 3069 983 3148 in
1011 3069 1095 3176 ipsa
1122 3059 1298 3146 Ecclesia
1326 3061 1547 3148 secundum
1575 3061 1701 3150 deum
1731 3064 1901 3184 elegerit.

405 3211 542 3325 Quam
564 3205 784 3319 perlectam
812 3208 942 3288 mittat
970 3235 1094 3318 super
1120 3217 1241 3316 caput
1266 3232 1385 3288 suum
1417 3219 1456 3285 et
1484 3201 1655 3318 deponat
1683 3207 1960 3319 superatam

287 3372 323 3438 et
342 3371 557 3464 prostratus
586 3343 691 3430 dicat
722 3343 845 3426 tribus
873 3345 1041 3426 vicibus:
1057 3343 1220 3458 Suscipe
1239 3377 1304 3430 me
1323 3343 1488 3430 domine
1511 3345 1735 3432 secundum
1753 3349 1961 3463 eloquium

286 3516 407 3578 tuum
434 3513 474 3576 et
502 3519 581 3574 non
611 3481 831 3570 confundas
860 3516 925 3568 me
954 3486 1005 3571 ab
1052 3490 1321 3599 expectatione
1349 3517 1448 3570 mea.
1478 3485 1619 3570 Gloria
1648 3485 1766 3572 Patri.
1796 3489 1896 3574 kirie
1920 3517 1962 3576 ‘e-

279 3632 535 3717 leisonPater
554 3649 702 3712 noster:
733 3645 773 3706 et
801 3655 958 3710 nenos:
989 3622 1164 3710 Ostende
1192 3625 1327 3711 nobis:
1359 3626 1516 3710 salvum
1547 3625 1606 3712 fac
1625 3655 1787 3714 servum
1818 3649 1953 3717 tuum:

287 3775 486 3858 Dominus
514 3788 715 3854 conservet
744 3797 857 3881 eum:
889 3773 1007 3852 intret
1036 3771 1161 3851 oratio
1189 3797 1306 3852 mea:
1337 3767 1457 3853 Vivet
1500 3774 1628 3854 anima
1660 3801 1768 3856 mea:
1790 3803 1897 3856 eram
1917 3776 1965 3858 si-

289 3936 366 4000 cut:
383 3933 620 3998 ‚convertere
648 3910 812 3998 domine
838 3933 876 3996 et
905 3916 1042 4024 eripe:
1073 3911 1177 3994 Ecce
1206 3940 1331 4024 qctam
1366 3910 1548 3994 bonum:
1579 3916 1630 3998 sit
1657 3942 1805 4001 nomen
1834 3913 1963 4002 domi-

287 4057 338 4137 ni:
370 4053 544 4136 Domine
572 4050 727 4136 exaudi:
756 4053 956 4135 Dominus
985 4052 1222 4138 vobiscum:
1251 4051 1384 4135 Presta
1414 4081 1632 4165 quesumus
1659 4050 1835 4140 domine.

403 4192 544 4278 Postea
571 4191 767 4277 benedicit
794 4195 1153 4307 superpelliceum
1185 4186 1266 4273 Or.⁰
1294 4193 1470 4277 Domine
1498 4190 1762 4279 Ieanhrisn
1790 4198 1863 4311 qui
1883 4216 1964 4315 teg-

285 4341 379 4417 men
408 4353 539 4440 nostre
554 4331 813 4416 mortalitatis
838 4330 1015 4435 induere,
1035 4355 1106 4418 etc
1132 4336 1216 4418 Hir
1234 4351 1361 4419 exuat
1378 4335 1456 4418 sibi
1473 4364 1649 4456 cappam
1658 4331 1806 4422 dicens:
1827 4338 1964 4423 Exuet

284 4501 324 4562 te
352 4474 541 4561 dominus
570 4496 744 4558 veterem
790 4475 995 4566 hominem
1023 4497 1064 4559 et
1109 4471 1251 4558 induat
1279 4496 1319 4578 te
1347 4503 1530 4558 novum:
1563 4476 1657 4559 Post
1686 4507 1735 4560 ea
1759 4475 1890 4561 induit
1928 4480 1968 4560 εἰ

281 4614 518 4730 patriarcha
545 4613 898 4734 superpelliceum
935 4611 1083 4700 dicem:
1103 4611 1255 4700 Adesto
1284 4612 1448 4701 domine
1466 4636 1536 4700 etc
1567 4615 1676 4706 Deus
1695 4621 1768 4731 qui
1797 4617 1962 4702 beatum

288 4759 542 4870 augustinum
570 4777 641 4839 etc.
670 4754 933 4868 Omnipotens
961 4775 1001 4839 et
1029 4757 1248 4842 misericors
1277 4755 1378 4844 deus
1406 4779 1475 4842 etc.
1523 4757 1638 4844 Tune
1670 4775 1810 4875 surgat
1836 4776 1873 4841 et
1895 4753 1967 4837 da·

286 4915 355 4982 tur
380 4899 420 4978 ei
445 4895 620 4980 oscttlnm
649 4915 686 4980 et
709 4913 849 5010 postea
877 4913 1064 4980 cantatur·
1090 4895 1259 4983 alleluia:
1290 4899 1401 5007 Deus
1428 4899 1662 4984 misereatur
1697 4900 1832 4981 nostri:
1855 4896 1966 4978 Deus

286 5043 329 5124 in
356 5033 609 5122 adiutorium:
641 5038 704 5122 De
731 5037 951 5153 profundis:
981 5038 1080 5124 kirie
1108 5035 1262 5124 eleison:
1293 5061 1405 5151 pater
1432 5061 1572 5123 noster.
1604 5041 1779 5122 Domine
1807 5033 1966 5123 salvum

289 5173 349 5294 sac
377 5207 521 5294 regem:
551 5176 680 5268 salvos
708 5173 768 5261 fac
795 5207 937 5266 servos:
970 5175 1039 5266 liat
1066 5209 1152 5294 pax:
1186 5178 1220 5262 A
1250 5201 1363 5292 porta
1393 5177 1522 5262 inseri:
1541 5177 1664 5327 «Prae
1692 5174 1864 5266 domine:
1887 5179 1965 5266 Do·
