4914 6610
1012 531 1028 652 (
1061 561 1134 625 221
1169 529 1186 651 )

253 733 426 847 regione
455 727 635 840 positum
664 713 872 832 pervenire
900 710 1102 825 poterant?
1130 696 1215 785 Sed⁴
1237 725 1308 782 nec
1337 691 1564 808 Melpluirm
1588 727 1737 809 pareus
1774 723 1814 790 et
1844 709 1943 794 vilis

255 865 375 955 locus
402 869 543 953 fuisset
571 858 820 974 appellatum
849 850 959 969 quod
998 851 1142 936 scilicet
1169 844 1270 922 inter
1298 855 1478 936 montes,
1518 855 1559 918 et
1586 833 1698 919 001118
1734 851 1941 934 cacumine

253 1012 392 1093 situm
423 1027 502 1109 est,
529 1006 581 1086 ita
611 1018 659 1082 ut
686 997 836 1080 muniri
864 991 975 1076 facilc
1004 1009 1113 1072 esset·
1144 979 1291 1063 Contra
1320 1007 1413 1062 vero
1441 1005 1525 1088 quo
1554 977 1692 1090 Respa
1729 987 1942 1092 primum,

255 1169 404 1260 postea
435 1141 705 1256 Melplu'otum
733 1163 868 1220 revera
901 1137 943 1217 in
972 1130 1159 1243 planitie,
1189 1142 1229 1203 ct
1257 1123 1375 1204 maris
1402 1115 1452 1200 ad
1481 1147 1593 1201 oram
1622 1121 1747 1202 situm
1788 1147 1879 1232 est,
1906 1151 1944 1211 et

259 1283 387 1407 quod
415 1287 565 1368 muniri
594 1279 708 1365 nullo
741 1275 866 1366 modo
895 1293 1041 1387 posset:
1071 1269 1169 1352 hanc
1198 1265 1307 1346 enim
1335 1254 1657 1377 significationem
1687 1287 1841 1348 vocum
1865 1267 1946 1352 illa·
1991 1341 1996 1350 .

258 1458 364 1514 rum
394 1453 474 1512 esse
494 1451 581 1533 wpro
611 1441 717 1504 certo
745 1415 946 1500 habemus.
976 1409 1059 1494 Nec
1097 1402 1200 1491 illud
1240 1406 1385 1487 morari
1421 1429 1492 1482 nos
1531 1395 1649 1482 debet
1689 1402 1805 1511 quod
1836 1403 1947 1490 locus

261 1569 341 1652 illc
360 1595 439 1650 uon
460 1565 598 1675 Respa
625 1556 695 1642 sed
716 1554 979 1670 Melplu'uma
999 1548 1202 1633 Chronista
1221 1543 1381 1632 dicatur.
1398 1541 1470 1624 [lle
1499 1545 1638 1654 utique
1653 1569 1804 1628 nomen
1832 1576 1947 1632 usur-

264 1707 416 1819 pavit,
445 1731 529 1816 quo
548 1762 573 1804 ,.
589 1721 682 1782 eum
711 1693 928 1798 scriberet,
971 1687 1253 1803 appellabatur.
1285 1687 1347 1770 Sic
1382 1705 1420 1767 et
1449 1684 1674 1798 Bergusium
1718 1683 1779 1768 ud
1806 1707 1947 1800 partes

272 1846 521 1934 sclavoniae
550 1845 670 1926 situm
698 1835 828 1941 dixit,
857 1831 1037 1947 tempore
1064 1831 1203 1942 utique
1231 1857 1312 1941 quo
1340 1825 1489 1910 Auctor
1527 1819 1730 1908 scribebat.
1759 1827 1945 1943 Denique

272 2000 364 2074 'non
393 1991 464 2103 qui
491 1981 698 2068 dicebatur
725 1977 985 2091 Melplrt'um,
1013 1975 1113 2081 sed,
1146 1975 1215 2087 qni
1241 1967 1404 2069 dicitur,
1433 1961 1639 2048 Cbronista
1668 1969 1832 2079 scripsit.
1923 1983 1928 1994 '

396 2115 520 2226 Quod
553 2143 648 2199 vero
676 2113 849 2197 maxime
877 2114 1139 2196 narrationem
1168 2107 1435 2220 Amalpbitani
1479 2105 1677 2217 scriptoris
1716 2103 1950 2212 confirmat,

277 2283 318 2346 et
347 2261 521 2344 nominis
552 2251 825 2366 Amalphr'ae,
853 2255 935 2334 sive
956 2251 1061 2336 ,Mat
1078 2285 1147 2361 ae,
1176 2257 1251 2371 (et
1278 2251 1352 2334 boc
1380 2252 1540 2333 nomine
1579 2249 1699 2331 etiam
1727 2255 1898 2368 antiquis
1926 2286 1947 2338 a

279 2398 541 2510 scriptoribus
568 2392 762 2507 appellata
790 2390 971 2510 legitur)
999 2399 1224 2514 originem,
1253 2419 1293 2482 et
1321 2424 1396 2481 una
1428 2419 1593 2505 quoque
1620 2417 1798 2476 caussam
1826 2415 1956 2477 muta·

279 2542 402 2624 tionis
431 2525 602 2620 nominis
631 2540 791 2650 Respae
821 2545 867 2622 in
896 2537 1126 2656 Malfitam,
1155 2541 1267 2656 quasi
1295 2533 1491 2622 diceretur
1514 2561 1658 2645 parua
1688 2536 1830 2652 Maffa
1853 2532 1952 2621 indi·

282 2683 405 2797 gitare
433 2675 624 2783 videtur,
653 2673 758 2762 illud
786 2699 871 2782 cst,
899 2677 1012 2793 quod
1040 2711 1064 2764 a
1091 2679 1307 2766 Mercatore
1334 2676 1551 2792 Ragusino,
1570 2677 1634 2760 cui
1662 2697 1769 2760 certe
1785 2703 1865 2759 non
1884 2673 1955 2758 bo-

281 2849 336 2906 uo
363 2821 524 2904 mentiri
551 2818 711 2924 suisset,
739 2822 920 2932 primum
957 2823 1211 2933 accepimus3
1239 2820 1291 2904 ad
1324 2817 1377 2905 V
1393 2816 1538 2900 scilicet
1567 2815 1739 2931 Rugusio
1776 2814 1951 2929 lapidem

281 2964 324 3046 in
346 2989 419 3046 ora
447 2963 567 3044 maris
594 2960 796 3073 oppidum
825 2959 1031 3077 quondam
1060 2963 1210 3074 insigne
1238 2959 1437 3060 exstitisse,
1455 2973 1496 3040 et
1523 2982 1630 3038 nunc
1658 2959 1777 3040 etiam
1795 2977 1953 3059 exstare,

282 3102 470 3214 quamvis
498 3128 581 3184 non
607 3103 663 3185 sic
692 3120 738 3184 ut
766 3123 878 3196 autea
905 3100 1194 3187 habitatoribus
1223 3099 1408 3214 frequens
1423 3097 1584 3182 nomine
1602 3092 1767 3207 Maffca
1793 3101 1956 3210 eiusque

284 3240 386 3324 olim
413 3240 563 3326 incolas
593 3245 811 3330 maximam
839 3261 1046 3361 tamquam
1074 3241 1406 3344 fortissimorum,
1434 3240 1664 3350 praesertim
1691 3239 1734 3324 in
1747 3241 1956 3324 maritimis

293 3379 444 3467 bellicis
471 3379 789 3496 expeditionibus
827 3385 937 3498 apud
979 3405 1129 3472 exteras
1169 3411 1333 3498 quoque
1370 3384 1544 3467 nationes
1582 3378 1730 3464 samam
1766 3379 1956 3470 babuisse.
2017 3487 2024 3500 ι

283 3520 474 3639 Ragusini
501 3524 674 3609 bominis
701 3529 928 3612 testimonio
969 3533 1124 3615 accessit
1164 3523 1341 3628 deiude,
1380 3521 1492 3640 quod
1536 3525 1578 3606 iu
1607 3525 1768 3637 antiqua
1804 3527 1957 3612 Tabula

287 3667 495 3746 marum
521 3664 639 3748 Sinus
667 3663 886 3752 Hadriatici
921 3696 1024 3752 anno
1054 3669 1329 3756 MDCCCII
1347 3666 1399 3752 ab
1414 3664 1657 3780 Archangelo
1686 3665 1856 3752 Sartorio
1874 3667 1953 3749 An·
2023 3735 2026 3742 ,

288 3831 408 3888 conae
437 3833 589 3911 recusa,
617 3828 828 3921 ecquam,
858 3804 960 3892 dum
989 3807 1083 3895 baec
1110 3813 1338 3916 scribimus,
1367 3811 1422 3894 ob
1448 3808 1584 3894 oculos
1602 3808 1813 3911 habemus,
1832 3837 1955 3920 prope

287 3943 528 4060 Ragusium,
557 3967 597 4032 et
624 3951 667 4033 in
694 3978 761 4032 ora
791 3951 981 4034 marisia
1009 3980 1088 4065 qua
1117 3975 1204 4039 tuto
1232 3953 1442 4037 subsistere
1476 3949 1641 4034 anchora
1662 3953 1793 4063 possit,
1815 3949 1957 4062 Maffu

293 4107 472 4197 ponatur.
482 4088 669 4203 Denique
683 4110 722 4173 et
740 4085 850 4174 idem
877 4088 979 4176 datis
1008 4091 1132 4180 literis
1150 4087 1402 4179 confirmavit
1420 4089 1534 4180 nobis
1548 4089 1664 4205 Regis
1684 4091 1819 4192 nostri,
1834 4120 1957 4204 quem

288 4227 401 4313 Deus
418 4232 591 4340 sospitet,
605 4259 722 4349 agens
740 4233 782 4314 in
796 4232 914 4317 rebus
931 4231 1137 4352 Ragusiae.
1152 4229 1299 4318 Contra
1319 4231 1584 4344 Melphictunr
1598 4227 1650 4312 ad
1666 4227 1827 4314 Eurum
1846 4232 1955 4334 iacet,

287 4397 359 4456 uec
377 4372 427 4457 ab
445 4403 528 4458 uno
548 4374 600 4459 ad
618 4372 788 4462 alterum
807 4376 942 4461 locum
957 4375 1073 4494 longa
1091 4393 1149 4460 est
1170 4376 1384 4488 navigatio,
1407 4370 1686 4455 milliariorum
1706 4375 1858 4486 quippe
1886 4372 1957 4455 150

288 4512 451 4616 circiter,
466 4515 519 4596 ita
538 4533 584 4596 nt
603 4541 792 4628 prospero
809 4517 929 4601 flante
943 4535 1072 4619 vento,
1083 4513 1147 4598 vel
1163 4517 1281 4597 unius
1300 4512 1379 4598 diei
1399 4516 1524 4626 spatio
1539 4511 1681 4602 confici
1702 4523 1833 4630 possit.
1850 4513 1954 4594 Hinc

290 4653 436 4732 merito
450 4652 638 4740 videntur
657 4652 707 4739 ad
727 4655 881 4741 fabulas
899 4657 1062 4739 omnino
1077 4650 1285 4738 reiicienda
1305 4679 1407 4756 esse,
1428 4681 1530 4764 quae
1546 4652 1598 4743 de
1620 4653 1856 4764 Arna'plu'ae
1876 4651 1957 4730 sire

292 4787 455 4908 Malsae
481 4793 1010 4910 nomine,quasiall1elplru
1038 4795 1121 4878 sive
1150 4789 1294 4905 Molpa
1313 4789 1506 4877 Lucaniae
1528 4795 1696 4878 flumine
1710 4785 1956 4890 ,derivatum

304 4932 450 5018 suisset.
478 4930 586 5020 Hinc
613 4933 762 5048 patebit
789 4939 905 5023 etiam
924 4957 950 5040 ,⁸
964 4927 1074 5025 unde
1110 4929 1260 5022 sactum
1297 4931 1377 5034 sit,
1420 4953 1465 5016 ut
1502 4959 1602 5042 quae
1631 4930 1767 5038 Respa
1805 4945 1885 5010 erat
1922 4927 1963 5007 in
