4870 6630
1285 558 1304 678 (
1338 561 1459 682 130)
1536 573 1542 586 '
1681 559 1688 568 ’

494 781 503 797 ·
532 737 655 849 Quod
682 757 721 824 ct
748 739 799 824 ab
826 741 936 822 omni
963 735 1115 849 populo
1142 730 1341 822 creditum
1368 752 1427 818 cst
1455 726 1576 818 fideli.
1605 731 1811 821 Gaudenti
1840 718 1953 852 quod
1998 735 2116 824 talem
2136 743 2189 827 si-

426 916 438 926 ·
542 886 585 972 bi
615 886 696 968 suis
726 880 867 966 diebus
896 878 1085 966 dominus
1113 880 1372 964 constituisset
1398 877 1649 994 pontificem·

647 1027 717 1111 Ad
740 1019 880 1112 laudes
908 1040 945 1108 et
967 1052 1045 1134 per
1071 1020 1192 1105 horas
1219 1037 1299 1103 ant.
1328 1017 1432 1108 Eece
1460 1019 1646 1108 Sacerdos
1684 1049 1851 1136 magnus
1893 1053 1986 1107 cum
2023 1025 2185 1144 reliqm's

531 1168 581 1252 de
619 1171 823 1253 communi
853 1161 1151 1276 Confissorum.-
1171 1163 1271 1274 Cap.
1299 1158 1403 1247 Eece
1429 1161 1617 1248 Sacerdos
1653 1191 1830 1278 magnus.
1865 1163 1984 1249 Ymn.
2022 1165 2097 1252 Ih.==
2134 1203 2191 1254 η»

528 1309 714 1421 demptos
742 1309 924 1394 omnium
945 1317 978 1383 t.
994 1331 1061 1385 ora
1081 1329 1155 1414 pro
1173 1300 1286 1402 nobis
1304 1301 1415 1390 beate
1443 1305 1584 1392 Sabine
1600 1337 1634 1394 r.
1654 1310 1713 1398 Ut
1731 1312 1852 1428 digni.
1872 1305 1933 1390 ad
1946 1309 2092 1395 Bened
2111 1329 2195 1394 ont.

529 1449 737 1536 Gloriosus
767 1445 856 1559 Xp.i
885 1442 1079 1530 confessor
1098 1440 1252 1527 domini
1270 1441 1437 1532 Sabinus
1466 1453 1589 1534 vitam
1607 1452 1821 1566 angelicam
1837 1475 1972 1566 gerens
2001 1453 2042 1534 in
2071 1455 2185 1532 terris

525 1592 732 1706 speculum
761 1591 960 1674 bonorum
988 1613 1157 1714 operum
1184 1581 1309 1668 factus
1337 1606 1394 1668 est
1411 1586 1567 1672 mundo
1597 1621 1690 1674 cum
1700 1589 1795 1704 Xp.0
1812 1595 1892 1674 iam
1920 1593 2003 1673 sine
2031 1584 2111 1672 fine
2129 1621 2192 1672 re-

523 1753 619 1848 gnat
664 1734 708 1814 in
745 1730 836 1814 celis
870 1731 951 1814 Ον.ο
977 1727 1087 1810 Deus
1124 1724 1369 1810 illuminator
1398 1725 1468 1812 Ad
1494 1731 1567 1818 III
1589 1729 1663 1818 VI
1681 1750 1719 1815 et
1748 1733 1822 1818 IX
1845 1735 1943 1846 Cap.
1987 1749 2025 1816 et
2062 1733 2192 1818 Ymn.

522 1876 657 1956 omnnia
685 1869 872 1956 dicantur
899 1868 950 1953 de
979 1871 1185 1955 communi
1212 1867 1315 1982 cerff
1329 1889 1436 1982 pont.
1458 1871 1527 1957 Ad
1540 1905 1758 1986 vesperum
1786 1905 1852 1957 an.
1879 1871 1944 1958 Ad
1959 1875 2098 1958 horam
2127 1905 2188 1955 re·

521 2011 701 2099 fectionis
729 2041 821 2096 cum
849 2011 1010 2128 reliquis
1037 2028 1118 2095 ant.
1147 2022 1183 2090 er
1207 2010 1309 2119 psai
1339 2009 1389 2096 In
1413 2007 1506 2124 fine
1527 2011 1630 2123 psai
1651 2013 1853 2098 Memento
1886 2017 2041 2126 capam
2071 2013 2173 2097 Ecce

520 2149 697 2236 sacerdos
725 2182 904 2268 magnus.
944 2155 1061 2237 Ymn.
1089 2153 1242 2238 Christe
1270 2151 1354 2236 Rex
1382 2183 1532 2268 regum.
1563 2171 1595 2237 t.
1615 2153 1694 2238 Ora
1723 2184 1797 2265 pro
1824 2155 1946 2239 nobis.
1976 2185 2011 2239 r.
2038 2151 2097 2239 Ut
2124 2152 2183 2237 di-

481 2324 485 2330 ·
519 2298 597 2406 gni.
627 2293 698 2376 Ad
721 2325 773 2374 m.
802 2326 839 2374 a.
867 2290 1124 2377 sacerdotum
1152 2289 1334 2376 diadema
1362 2292 1503 2377 Sabine
1540 2297 1713 2405 piissime
1751 2317 1880 2378 nostra
1909 2293 2010 2378 refer
2038 2297 2079 2376 in
2122 2324 2187 2377 cx-

514 2435 627 2524 celsis
656 2459 745 2522 vota
789 2442 857 2550 pio
895 2430 1047 2535 iudici,
1090 2455 1146 2518 ut
1173 2455 1245 2519 tuo
1280 2432 1544 2543 adipiscamur
1581 2439 1641 2516 s.‘⁰
1675 2436 1888 2546 patrocinio
1935 2438 2015 2517 iam
2052 2455 2187 2518 macto

517 2581 598 2662 vite
626 2607 744 2663 cursu
773 2576 1011 2661 delictorum
1040 2581 1205 2660 veniam.
1247 2683 1253 2696 Ι
1378 2587 1382 2594 ’
1490 2687 1514 2694 .-
2016 2563 2020 2574 ’

628 2718 699 2805 Ad
723 2721 851 2804 imam
873 2717 1072 2825 pagenam
1099 2717 1200 2802 haec
1227 2714 1370 2833 legitur
1396 2712 1564 2800 adr'ectio
1591 2714 1725 2799 aliena
1752 2719 2010 2835 sedentique
2035 2717 2173 2802 morare

1197 3002 1266 3090 Ad
1292 3003 1364 3090 IX
1389 3003 1486 3112 Cap.
1628 3123 1640 3144 ⁶

624 3285 673 3372 In
704 3283 932 3398 accipiendo
959 3288 1103 3372 stolam
1133 3287 1257 3402 glorie
1286 3281 1399 3370 dedit
1426 3285 1635 3369 sanctitatis
1663 3287 1864 3368 amictum.
1901 3278 2057 3366 Corona
2097 3285 2175 3368 fra·

511 3448 619 3510 trum
650 3430 760 3538 quasi
790 3427 984 3540 plantacio
1012 3425 1118 3513 cedri
1148 3431 1188 3509 in
1218 3444 1352 3510 monte
1379 3421 1525 3509 libano.
1557 3421 1682 3510 Dedit
1710 3419 1875 3540 gloriam
1904 3417 1982 3506 deo
2006 3423 2163 3509 alabiis

510 3572 587 3654 tois
616 3585 655 3652 et
682 3570 725 3653 in
755 3571 916 3652 nomine
944 3573 1027 3654 eius
1056 3567 1247 3684 gloriatus
1279 3584 1345 3649 est.
