4914 6610
1021 613 1040 731 (
1071 642 1147 732 207
1177 615 1195 731 )

262 797 373 892 patet
402 807 506 864 anno
535 781 872 871 MDLXXXIII
896 786 1006 866 annis
1033 784 1181 868 scilicet
1209 807 1299 902 post
1328 787 1620 918 abdicationem
1649 803 1749 894 XV
1742 811 1774 898 l
1811 813 1943 908 adbuc

262 926 305 1008 in
336 921 438 1004 vivis
466 917 608 1024 fuisse,
645 944 684 1005 et
712 921 887 1030 Romae,
909 945 949 1009 et
978 928 1018 1009 in
1049 926 1202 1012 Palatio
1231 930 1453 1023 Cardinalis
1482 938 1674 1032 Estiensis
1704 948 1945 1071 degentem,

263 1061 510 1175 titulumque
539 1059 856 1176 Melplzictensis
886 1067 1075 1182 Episcopi
1100 1073 1234 1183 ipsum
1271 1074 1346 1159 sibi
1375 1107 1554 1168 servasse.
1583 1083 1650 1170 Ex
1678 1095 1831 1184 notulis
1861 1104 1948 1194 Mi·

261 1205 431 1287 nervici
456 1197 564 1284 istud
593 1205 715 1284 etiam
746 1199 1001 1310 addendum,
1016 1209 1196 1322 quadam
1223 1245 1272 1300 ex
1300 1217 1482 1332 Epistola
1512 1223 1735 1318 Cardinalis
1752 1238 1948 1350 Sti-letiin

265 1341 457 1427 Vaticano
470 1333 645 1427 Archino
659 1345 761 1427 inter
778 1345 957 1433 eiusdem
967 1347 1188 1437 Cardinalis
1215 1353 1383 1443 Sdredas
1402 1387 1551 1450 servata
1563 1371 1699 1492 colligi
1723 1383 1946 1476 Maioma

258 1505 414 1586 nostro,
434 1504 474 1567 et
501 1503 550 1566 ut
576 1479 738 1568 videtur
767 1483 936 1599 Nepoti,
965 1488 1201 1579 mandatum
1229 1496 1367 1608 luisse,
1386 1524 1434 1587 ut
1461 1538 1564 1621 quae
1592 1523 1886 1634 contentiones,
1901 1553 1943 1618 et
2082 1607 2090 1622 .

257 1625 402 1710 turbae
432 1647 559 1716 essent
588 1625 825 1715 Altamurae
854 1624 957 1716 inter
986 1630 1130 1720 Graeci
1158 1659 1198 1723 et
1216 1638 1348 1728 latini
1368 1647 1469 1734 ritus
1489 1648 1692 1767 Clericos,
1711 1665 1942 1783 inquireret,

258 1786 298 1850 et
326 1763 511 1854 Pontifici
540 1793 777 1886 suggerere-t
1035 1877 1038 1882 Ι

373 1905 452 1996 llio
479 1903 603 1994 finem
633 1905 685 1994 de
712 1909 1063 2026 Melplrictensibus
1092 1917 1301 2038 Episcopis
1340 1927 1503 2018 dicendi
1530 1964 1798 2057 poneremus,
1844 1984 1940 2049 cum

256 2049 335 2159 de,
374 2057 446 2169 qui
476 2055 601 2138 secuti
630 2074 753 2160 sunt,
782 2051 992 2172 Episcopis
1029 2060 1141 2146 nulla
1170 2095 1273 2178 pene
1302 2067 1643 2194 Historiograplris
1685 2097 1858 2207 nostris,
1902 2122 1942 2186 et

258 2192 456 2311 Ughellio
484 2198 526 2280 in
554 2192 696 2311 primis
725 2197 858 2312 ignota
887 2201 974 2282 sint.
1002 2198 1160 2286 Verum
1188 2202 1320 2321 aliqua
1348 2209 1496 2302 addere
1523 2222 1652 2334 placet
1679 2231 1732 2318 de
1766 2260 1945 2361 aeternae·

254 2335 475 2424 memoriae
484 2337 686 2453 Episcopo
702 2337 851 2424 banne?
862 2343 1033 2428 Αητοηίο
1050 2346 1178 2432 Βουίο
1197 2349 1399 2436 Novame
1418 2381 1531 2470 nato,
1544 2397 1615 2453 seu
1630 2381 1764 2484 potius
1784 2383 1931 2472 Bellim.

256 2480 353 2592 zogi
378 2475 630 2562 Novaniensis
656 2475 861 2567 Territorii
881 2483 1048 2598 oppido,
1058 2509 1107 2572 ut
1134 2522 1157 2575 a
1185 2489 1247 2576 Cl.
1275 2493 1535 2590 Tiraboschio
1561 2503 1779 2625 discimus,
1817 2545 1857 2608 et
1884 2507 1934 2614 err

257 2615 565 2728 carmelitarum
593 2619 775 2708 Familia.
803 2621 855 2709 Id
892 2648 939 2711 ut
976 2625 1196 2738 sarciamus,
1224 2637 1414 2749 institiae,
1442 2665 1482 2728 et
1510 2652 1685 2736 veritatis
1713 2687 1832 2743 amor
1858 2667 1936 2750 im·

250 2749 397 2874 pellit,
416 2789 473 2844 ac
499 2759 627 2846 veluti
654 2769 769 2879 cogit
797 2765 929 2851 Fuere
955 2769 1169 2884 siquidem,
1198 2784 1270 2892 qui
1299 2785 1475 2894 partium
1495 2788 1639 2872 studio
1668 2793 1821 2912 abrepti
1851 2807 1939 2890 eius

246 2903 467 2988 lacerarunt
493 2906 753 3008 memoriam,
780 2904 982 3020 illumque
1011 2908 1225 3000 indoctum
1254 2925 1412 3032 penitus
1441 2926 1485 3013 in
1513 2934 1633 3016 sacris
1675 2935 1819 3026 studiis
1860 2946 1931 3034 ho·

250 3047 402 3130 minem
430 3041 635 3131 traducere
663 3075 744 3131 non
773 3043 1021 3134 dubitarunt
1049 3049 1136 3139 Nec
1163 3053 1209 3144 id
1226 3073 1403 3175 tantum,
1426 3067 1497 3157 sed
1525 3091 1566 3158 et
1584 3076 1933 3190 impudentissime

180 3160 182 3172 Α
252 3185 531 3291 venditarunt,
549 3183 781 3273 defectionis
808 3187 860 3273 ab
887 3191 1034 3296 unica,
1062 3223 1186 3308 quam
1215 3197 1420 3313 dicebant,
1438 3238 1532 3296 sana
1550 3209 1750 3327 doctrina,
1770 3221 1933 3314 lesuita·

251 3359 346 3412 rum
374 3331 620 3440 patrocinio,
648 3327 978 3444 Melplrictensem
1006 3334 1312 3455 Episcopatum,
1331 3349 1461 3436 veluti
1477 3361 1705 3466 praemium
1722 3373 1931 3494 accepisse,

249 3471 361 3584 quasi
389 3497 468 3552 non
497 3463 688 3573 aliunde,
716 3470 837 3553 etiam
863 3475 1032 3585 seposita
1060 3477 1208 3567 celebri
1243 3488 1561 3606 Congregiatione
1588 3497 1642 3581 de
1672 3507 1842 3598 aatm'lirs
1861 3512 1924 3624 di.

248 3609 330 3720 c'ta,
361 3612 444 3722 ipse
472 3605 524 3694 de
552 3607 729 3694 Romana
758 3608 953 3718 Ecclesia,
980 3635 1021 3701 et
1048 3619 1278 3732 Apostolica
1305 3625 1409 3712 Sede
1447 3637 1619 3722 meritus.
1650 3641 1751 3732 bene
1793 3647 1926 3756 suerit,

247 3745 405 3834 Notum
434 3754 541 3835 enirn
569 3755 699 3836 estin
728 3785 794 3860 ea,
822 3787 925 3873 quae
962 3783 1049 3846 orta
1086 3757 1191 3868 fuit,
1228 3775 1493 3855 controversia
1534 3778 1639 3868 inter
1670 3785 1856 3878 Paullum
1884 3795 1925 3882 V

113 3883 130 3994 j
246 3909 289 3975 et
316 3887 511 3976 Venetam
538 3889 869 4008 Rempublicam‚
896 3899 1184 3990 interdictionis
1211 3940 1234 3992 a
1262 3913 1396 4018 sacris,
1426 3915 1592 4002 Bovium
1618 3953 1695 4036 pro
1731 3931 1924 4026 Pontifice

245 4032 419 4136 stetisse,
446 4033 612 4150 eiusque
639 4037 725 4158 iura
753 4041 861 4153 typis
888 4041 1052 4158 vulgato
1079 4040 1205 4162 longo
1230 4046 1516 4168 elaboratoque
1530 4086 1650 4176 opere
1671 4051 1828 4172 strenue
1857 4075 1925 4164 de
1963 4167 1966 4172 ,

245 4169 436 4276 fendisse,
464 4175 519 4256 ita
547 4196 597 4260 ut
622 4176 709 4267 aliis
737 4181 810 4294 qui
837 4209 882 4264 ea
909 4179 963 4268 de
990 4212 1034 4268 re
1061 4188 1327 4299 scripserunt,
1355 4193 1532 4308 palmam
1571 4211 1833 4321 praeripuisse
1866 4225 1926 4308 vi-

244 4341 310 4400 sus
338 4315 398 4397 sit
426 4305 602 4399 Videndi
641 4322 807 4405 omnino
833 4320 894 4407 Cl.
924 4325 1270 4434 Mazzttcclrellrirs
1298 4328 1516 4444 (Scrittori
1541 4340 1696 4434 Italiani
1724 4353 1839 4442 Tom.
1868 4359 1922 4446 Il.

244 4453 347 4538 Part
378 4452 452 4538 ΙΙΙ.
469 4453 485 4571 )
501 4483 653 4541 necnon
670 4479 711 4542 et
738 4457 800 4544 Cl
835 4461 1124 4554 atratoscttus
1153 4473 1212 4560 Ut
1241 4503 1333 4563 rere
1361 4493 1504 4594 quanti
1533 4491 1693 4581 Bovius
1714 4503 1825 4614 apud
1850 4504 1922 4588 do-

244 4617 328 4680 ctos
355 4594 462 4680 illius
490 4599 625 4683 aetatis
653 4601 760 4684 viros
787 4602 946 4692 habitus
974 4613 1051 4716 sit,
1080 4633 1283 4722 noscatur,
1310 4623 1449 4710 ceteris
1475 4633 1642 4743 omissis,
1672 4639 1825 4723 iuvabit
1853 4643 1921 4746 hic

244 4738 329 4821 eius
358 4734 549 4853 Elogr'um
578 4768 600 4824 a
627 4737 689 4825 Cl.
718 4744 819 4829 Iano
849 4747 976 4835 Μαι)
1004 4753 1222 4840 tat-irrhaeo
1248 4761 1442 4876 scriptum
1462 4766 1680 4887 (Virorum
1696 4779 1921 4872 illustrium

224 4853 547 4998 'Pinacotheca)
573 4879 654 4969 buc
681 4881 846 4971 adferre.
875 4888 951 4976 Est
980 4920 1075 4978 vero
1103 4893 1359 4987 huiusmodi:
