4914 6610
942 513 950 530 '
1083 503 1260 622 (¹89)
1719 611 1727 618 .

325 669 504 788 quodam
533 669 623 756 loco
651 667 882 756 abscondito
910 691 1001 784 post
1027 669 1242 758 Civitatem
1270 671 1518 784 Melphictae.
1549 668 1673 780 Elfll
1702 673 1889 762 viderunt
1919 708 2012 796 gen·

325 839 407 899 tem
438 813 619 899 Civitatis
648 809 886 925 Melphictae
916 817 1102 926 persequi
1132 833 1320 927 prompto
1351 809 1470 895 corde
1500 819 1624 938 socios
1663 844 1755 899 suos
1774 813 1997 932 ,longeque

327 986 408 1042 esse
443 989 465 1042 a
494 956 664 1056 Ciuitate
693 955 929 1068 Melphictae
958 960 1085 1069 spatio
1114 950 1329 1069 praedicte,
1349 950 1514 1039 diversis
1554 960 1628 1062 viis
1659 977 1749 1069 post
1769 976 1877 1070 terga
1906 957 2005 1040 Mel·

327 1099 591 1212 plrictensium
620 1127 739 1182 eursu
769 1096 1015 1182 velocissimo
1045 1095 1246 1184 ferierunt.
1260 1097 1330 1183 Ne
1359 1105 1559 1186 sciverunt
1576 1099 1811 1216 praevidere
1839 1094 2009 1208 Melphi-

326 1258 474 1324 ctenses
503 1270 644 1324 eorum
675 1237 834 1326 insidias
864 1265 1115 1354 praeparatas.
1146 1245 1202 1326 Et
1220 1243 1287 1324 'sie
1313 1239 1590 1354 Stipendiarii,
1619 1243 1691 1356 qui
1719 1234 2006 1352 praecedebant

326 1383 463 1495 etqui
492 1383 760 1495 sequebantur
779 1386 819 1466 in
841 1413 922 1467 uuo
950 1415 1142 1492 concursu
1172 1413 1290 1495 super
1308 1383 1609 1502 llelplrictenses
1641 1385 1912 1498 promtissime
1953 1379 2007 1467 fe-

328 1528 507 1632 rierunt,
538 1543 578 1604 et
606 1547 795 1640 ceperunt
823 1527 874 1611 de
903 1530 998 1610 viris
1032 1525 1384 1639 Melplrictensihus
1415 1530 1519 1610 viros
1548 1547 1709 1611 centum
1739 1546 1779 1608 et
1807 1525 1923 1607 ultra.
1943 1521 2010 1610 In·

327 1690 386 1754 ter
414 1699 515 1782 quos
543 1697 625 1752 esse
655 1670 820 1782 contigit
849 1665 1052 1770 meliores,
1081 1696 1183 1779 quos
1212 1666 1321 1780 apud
1351 1666 1388 1744 V
1391 1667 1518 1782 igilias
1556 1663 1809 1752 carrera-udos
1825 1671 2012 1778 portarit,

328 1840 473 1925 eosque
503 1815 874 1928 tenuit,quousque
903 1813 1076 1892 uniuersi
1106 1813 1210 1920 cives
1230 1805 1495 1892 reddiderunt
1520 1805 1735 1892 Civitatem
1763 1797 2004 1918 Melplrictae

328 1950 508 2036 dominio
523 1951 714 2034 ‚Palatini
744 1949 875 2057 Quam
904 1949 1147 2054 Civitatem,
1178 1946 1383 2034 deficiente
1412 1952 1467 2030 eis
1504 1946 1652 2032 auxilio
1680 1929 2031 2063 Hungarornm,
2131 1985 2133 1992 ¹
2263 1973 2266 1980 ·

327 2121 503 2204 quorum
531 2087 713 2198 fidelitati
741 2092 782 2174 se
811 2085 1023 2194 dederant,
1043 2095 1319 2193 restituerunt,
1349 2109 1447 2174 etse
1472 2089 1578 2198 ipsos
1606 2085 1788 2172 dominio
1822 2086 2000 2171 Palatini.

850 2303 1215 2414 lauantemne
1244 2315 1317 2433 Pp.
1335 2313 1402 2428 1ΙΙ
1396 2316 1473 2402 HJ·

443 2543 693 2632 Innocentius
721 2545 1107 2668 Episcopusservus
1136 2547 1351 2630 Servorum
1380 2547 1478 2654 Dei,
1497 2543 1643 2630 Christi
1674 2539 1863 2626 fidelibus
1891 2571 2001 2653 prae·

330 2709 454 2771 sentes
491 2687 638 2772 litteras
671 2691 906 2800 ‘inspecturis
934 2687 1123 2789 salutem,
1151 2707 1191 2770 et
1219 2687 1472 2797 apostolicam
1517 2683 1843 2770 benedictionem.
1874 2680 2001 2788 Super

328 2829 523 2913 aethereas
551 2829 761 2914 sublimata
790 2834 976 2932 virtutes,
1005 2850 1044 2910 et
1072 2827 1541 2940 caelestiumspirituum
1569 2823 1721 2906 Clroros
1759 2823 2000 2930 incompara-

325 2969 417 3054 bilis
445 2968 663 3087 Virginum
701 2967 865 3054 exaltata
908 2967 1041 3052 inclita
1056 2967 1223 3083 ¹Regina.
1245 2963 1459 3053 Caeloruna
1482 2967 1567 3060 ,Dei
1598 2961 1782 3070 Genitrix
1797 2957 1995 3076 Cleriosa,

325 3116 438 3198 cadus
467 3109 735 3199 lmmilita'tem
764 3107 814 3192 ab
834 3129 998 3190 ‘aeterno
1025 3111 1262 3219 respiciens,
1305 3139 1379 3220 pro
1416 3101 1701 3202 reconcilianda
1730 3131 1805 3186 suo
1833 3099 1999 3218 Auctori

327 3267 477 3382 generis
505 3257 670 3342 humani
709 3271 868 3356 natura,
895 3249 1008 3362 lapsu
1039 3253 1178 3360 zprimi
1218 3250 1388 3334 hominis
1426 3269 1601 3332 aeternae
1641 3245 1762 3328 morti
1799 3243 1967 3326 obnoxia
1983 3299 1999 3347 ¹,

326 3409 421 3489 cum
447 3403 510 3484 sui
538 3396 741 3510 Unigeniti
770 3389 1071 3492 habitaculum,
1098 3393 1221 3473 sancti
1250 3391 1421 3501 Spiritus
1451 3386 1743 3500 praeparatione
1772 3383 1996 3480 constituit,

325 3573 373 3628 ex
401 3570 482 3655 qua
510 3558 640 3620 tamen
678 3553 830 3618 nostrae
857 3531 1104 3622 mortalitatis
1140 3551 1416 3642 permaneret,
1448 3547 1555 3612 tanto
1591 3520 1760 3635 quidem
1791 3547 1926 3636 :super
1954 3545 1995 3596 o

322 3713 433 3770 mnes
460 3699 657 3766 creatmus
680 3677 818 3758 maiori
851 3676 1097 3771 veneratione
1125 3703 1147 3753 a
1176 3675 1327 3760 cunctis
1355 3665 1476 3754 debet
1504 3661 1692 3772 fidelibus
1720 3657 1924 3757 honorari,
1953 3671 1995 3736 et

322 3829 443 3910 sancti
471 3823 548 3904 Dei
576 3815 722 3928 templa
753 3819 793 3898 in
822 3816 943 3927 ipsius
971 3811 1162 3924 honorem
1190 3806 1402 3911 dedicata,
1430 3801 1776 3917 Indulgentiarum
1811 3793 1990 3906 decorari

321 3963 583 4064 muneribus,
612 3977 757 4071 quanta
786 3959 868 4066 ipsa
895 3947 1184 4034 misericordiae
1214 3947 1342 4032 Mater
1370 3943 1616 4060 Angelorum
1645 3939 1849 4040 Domina,
1878 3931 1989 4018 Mili-

322 4115 438 4205 tantis
466 4107 681 4204 Ecclesiae,
709 4121 748 4183 et
778 4099 896 4180 totius
924 4093 1069 4178 saeculi
1098 4090 1318 4195 Atlrocata,
1347 4088 1473 4186 veluti
1494 4107 1666 4170 terrenae
1684 4078 1881 4192 potentiae
1900 4071 1988 4157 Gu-

322 4247 542 4347 bernatrix,
568 4259 610 4328 et·
635 4261 874 4327 cunctorum
902 4240 942 4320 in
970 4249 1226 4350 quacumque
1255 4254 1434 4344 pressura
1462 4224 1663 4338 refugium
1681 4281 1692 4323 ,
1709 4221 1824 4336 „inter
1853 4241 1991 4300 omnes

324 4391 528 4480 benedicta
557 4385 741 4476 mulieres
771 4377 985 4461 maioribus
1013 4377 1184 4479 meritis,
1214 4391 1252 4454 et
1281 4365 1562 4456 benedictionis
1578 4363 1700 4478 gratia
1720 4359 1901 4479 insignita
1926 4383 1992 4438 ex·

323 4537 434 4640 sistit,
461 4551 501 4614 et
528 4557 600 4641 per
627 4551 714 4621 eam
742 4501 916 4602 humano
954 4513 1085 4630 generi
1127 4537 1280 4598 aeterna
1320 4511 1422 4595 salus
1450 4507 1641 4621 apparuit.
1669 4488 1883 4613 Cupientes
1921 4497 1996 4648 im}
2032 4579 2038 4588 ,

324 4703 404 4788 qne
433 4668 651 4756 Ecclesiam
679 4663 819 4748 Beatae
848 4656 993 4750 Mariae
1030 4651 1082 4736 de
1109 4651 1353 4763 Martyribus
1389 4649 1651 4733 inhonorem
1690 4638 1868 4726 eiusdem
1897 4633 1991 4716 Bea-

325 4818 499 4898 tissimae
527 4809 702 4924 Virginis
729 4817 835 4886 extra
870 4825 1008 4881 muros
1035 4793 1291 4905 Melphicten.
1328 4788 1564 4892 fundatam,
1592 4781 1788 4871 Ecclesiae
1816 4772 1991 4884 Melphi-
2100 4791 2103 4798 ·

326 4956 475 5056 ctensi,
504 4950 603 5035 olim
631 4947 733 5035 dum
762 4947 906 5031 minori
942 4939 1202 5052 fungeremur
1246 4937 1378 5020 officio
1416 4956 1578 5040 sponsae
1614 4939 1772 5012 nostrae,
1809 4913 1993 5004 unitam,
