4870 6630
1242 549 1387 665 (8⁰)

279 801 290 824 .
472 759 588 824 tetur.
617 724 701 820 Nec
730 723 923 815 secundae
951 753 992 808 se
1022 724 1191 808 iunxisse
1220 717 1372 804 Auctor
1400 717 1483 805 dici
1520 724 1675 834 poterit,
1695 749 1798 833 quae
1831 725 1985 806 Conu'te
2006 724 2046 810 S·
2068 725 2158 810 AE-

472 875 579 995 giuti
604 875 708 960 duce
736 901 807 986 per
837 863 1098 954 Solovettium
1126 862 1208 946 iter
1228 861 1414 971 arripuit3
1444 881 1491 944 ut
1518 889 1589 944 nec
1608 879 1649 943 et
1667 863 1825 964 tertiae,
1847 889 1949 975 quae
1970 861 2149 948 Ducibus

476 1019 645 1106 Robeno
693 1013 847 1099 comite
876 1001 1145 1106 Funderet,
1173 1017 1212 1084 et
1240 1000 1412 1086 Roberto
1450 1003 1603 1088 Contitc
1620 1001 1903 1105 illumne,
1931 1019 1970 1086 ct
2015 1005 2155 1118 ligem

474 1163 637 1275 Magno
651 1215 675 1259 ,‚
691 1171 729 1239 et
757 1132 879 1253 aliis,
908 1148 1028 1263 quic
1061 1141 1244 1256 paratus
1276 1140 1394 1226 Barit'
1427 1136 1597 1226 Tarenti
1631 1158 1671 1226 et
1702 1143 1926 1236 Brundruii
1942 1148 1985 1230 in
2014 1143 2153 1238 Orien.

473 1327 559 1389 tem
588 1297 674 1384 vela
703 1291 934 1394 dederunt,
961 1307 1011 1371 ut
1037 1301 1183 1369 attente
1209 1279 1414 1366 historiam
1444 1285 1570 1398 ipsam
1598 1280 1742 1400 legenti
1770 1286 2092 1400 patebitllesmt
2107 1304 2156 1386 'ut

475 1445 553 1532 sub·
580 1441 700 1557 signis
726 1426 956 1520 Boemundi
982 1425 1199 1527 militasse,
1226 1435 1268 1506 e't
1295 1422 1338 1506 in
1364 1427 1450 1508 citu
1472 1423 1748 1538 pulcherrima
1784 1429 1950 1538 militia,
1988 1455 2034 1520 ut
2072 1443 2154 1554 ipse

479 1612 569 1671 eam
610 1573 812 1693 appellat,
845 1569 966 1654 fuisse
1012 1565 1165 1653 Auctor
1207 1559 1374 1662 dicatur.
1412 1563 1464 1652 Id
1502 1583 1676 1682 quoque*
1711 1566 1857 1684 legenti
1894 1605 2006 1660 num.
2032 1577 2090 1686 X,
2116 1607 2156 1670 er

481 1732 556 1842 qui
584 1736 807 1836 sequuntur
834 1712 924 1798 luce
952 1710 1097 1796 clarius
1124 1703 1337 1821 apparebit
1366 1703 1460 1792 Non
1489 1740 1586 1800 vero
1614 1713 1885 1822 Francos,aut
1903 1717 2077 1808 aliorum
2096 1755 2159 1810 na-

483 1869 639 1952 tionum
667 1861 848 1948 homiues
874 1847 1140 1941 Boamundus
1167 1844 1370 1960 collegisse
1397 1849 1682 1938 existimandus
1710 1847 1798 1962 es't,
1827 1863 1870 1944 ui
1896 1858 2000 1948 forte
2028 1895 2160 1954 uotam

479 2026 550 2098 aut
575 2007 768 2106 altcmm,
796 1995 867 2084 sed
894 1995 976 2080 suis
1003 2025 1027 2076 e
1055 1987 1167 2074 terris
1191 1983 1397 2072 delectum
1424 1988 1614 2082 habuisse.
1645 1993 1730 2084 Hac
1757 2030 1853 2086 vero
1871 1999 1936 2088 de
1965 2035 2008 2090 rc
2035 2003 2162 2094 adfer.

481 2185 524 2238 re
552 2149 650 2234 libet
676 2137 846 2255 Antiqui
873 2135 1015 2220 Poetae
1042 2120 1229 2212 Fuloouis
1258 2138 1396 2214 versus
1413 2127 1567 2247 aliquos
1602 2131 1748 2254 (apud
1774 2140 2051 2232 Ductfflium
2069 2145 2168 2234 pff,

486 2279 622 2376 Frena
649 2283 721 2370 To.
750 2281 822 2396 A):
913 2347 915 2354 .
1016 2396 1018 2399 ι

447 2439 453 2450 ’
679 2418 911 2534 ··Quneque
938 2417 1057 2504 etiem
1085 2437 1219 2536 gentes
1245 2443 1486 2548 sparguntm
1512 2427 1555 2512 in
1583 2415 1743 2538 Appula
1773 2453 1878 2529 ntra,

715 2561 841 2672 Qucis
869 2558 1046 2648 conferre
1073 2593 1229 2672 manus
1246 2573 1379 2656 visum
1407 2588 1466 2653 est
1494 2571 1536 2652 in
1564 2565 1708 2683 praelia
1748 2563 1852 2654 dura

715 2702 802 2790 Sub
829 2705 926 2820 iugo'
953 2697 1167 2812 Tancredi,
1194 2731 1234 2795 et
1262 2708 1491 2800 Boamundi
1517 2711 1822 2822 corripuerunt,
1901 2729 1904 2736 ⁴

717 2844 774 2930 Et
800 2866 938 2931 contra
966 2841 1063 2934 fidei
1090 2847 1250 2970 refugas
1278 2856 1402 2967 patria
1430 2869 1539 2936 arma
1567 2849 1756 2936 tulerunt
2175 2930 2181 2944 ,

603 2989 669 3076 Ex
687 2989 912 3074 civitatibus
938 3019 1034 3109 ergo
1070 2995 1273 3099 maxime,
1301 2994 1451 3111 quihus
1477 2987 1740 3077 Boamundus
1773 3011 1814 3076 et
1840 2987 2067 3086 Tancredus
2093 2996 2165 3088 do-

485 3129 941 3234 munimntum
968 3130 1149 3249 undique
1176 3135 1412 3222 conduxisse
1438 3129 1682 3220 censendum
1710 3135 1854 3218 merito
1881 3137 1966 3220 erit

599 3267 1015 3360 Animadvertendum
1043 3278 1164 3360 etiam
1190 3295 1232 3359 et
1259 3273 1364 3360 illud
1392 3298 1469 3370 est,
1496 3304 1621 3390 quam
1649 3277 1821 3359 maxime
1845 3295 2090 3390 perspectam
2110 3280 2186 3364 A..

487 3441 666 3523 nonymo
693 3409 812 3496 fuisse
838 3409 1099 3520 Boamundi,
1126 3418 1293 3532 eiusque
1320 3416 1478 3521 Patris,
1506 3443 1660 3503 necnon
1687 3435 1727 3500 et
1764 3418 2068 3502 coniunctorum
2106 3418 2164 3503 hi-

487 3558 679 3656 storiam,
708 3565 852 3669 reeque
878 3552 930 3638 ab
958 3585 1007 3640 eo
1034 3575 1125 3642 ante
1153 3555 1447 3671 expeditionem
1474 3576 1743 3660 sacram,tum
1771 3575 1811 3640 et
1839 3576 1971 3668 postea
2000 3584 2183 3676 quoque!

477 3723 588 3786 notas
602 3696 733 3782 fuisse.
744 3695 856 3782 Eum
871 3692 1020 3782 Auctor
1036 3700 1080 3783 iu
1089 3695 1269 3782 Galliam
1285 3699 1367 3782 voti
1380 3693 1562 3782 solvendi
1576 3724 1706 3782 caussa
1722 3694 2038 3812 proficiscentem
2072 3729 2158 3789 uar-

487 3845 640 3928 ratione
667 3841 855 3953 sequitur.
873 3838 961 3926 Nec
975 3834 1083 3925 illud
1099 3841 1175 3924 erit
1191 3833 1588 3953 praetermittendum
1612 3839 1829 3927 Cwbartac
1851 3843 2065 3928 uem
2082 3860 2165 3936 teor

488 3985 635 4065 ton'um
661 4011 685 4063 c
715 3979 950 4066 noanuardo
980 3983 1152 4070 narum
1178 3978 1304 4068 ad&
1335 3978 1556 4070 Mecum
1583 3985 1773 4088 mestun,
1809 4000 1854 4067 ut
1878 3981 2098 4068 laetaretur
2121 4015 2162 4071 o

491 4128 598 4207 nmis
629 4121 861 4209 Christiano
884 4121 998 4238 plebs
1025 4121 1083 4208 de·
1105 4123 1325 4239 urmnplro,
1344 4151 1464 4236 quem
1492 4117 1603 4206 dedu
1625 4121 1769 4235 populo
1793 4151 1866 4206 suo
1885 4119 2070 4204 donum
2096 4151 2161 4206 su·
2283 4143 2290 4159 '
2424 4123 2425 4134 '

484 4295 563 4379 per
583 4291 838 4380 paganorrun
861 4282 1055 4378 gentes:
1088 4261 1154 4350 An
1182 4263 1356 4348 Francus
1384 4264 1592 4350 minimam
1621 4263 1718 4349 hanc
1746 4291 1843 4365 rem,
1871 4281 1912 4348 et
1938 4259 2056 4346 nullo
2079 4291 2164 4346 mo·

490 4375 546 4490 do
573 4403 626 4490 ad
654 4403 805 4490 Gallias
833 4409 1125 4518 pertinentem,
1153 4405 1197 4488 in
1223 4400 1407 4487 medium
1434 4403 1653 4488 attulisset?

605 4543 770 4632 Accedit
797 4551 916 4634 etiam
944 4565 985 4632 et
1012 4541 1150 4651 istud,
1178 4575 1404 4663 numquam
1426 4542 1505 4630 hec
1533 4543 1576 4628 in
1603 4546 1763 4630 historia
1781 4537 2006 4628 Boamuudi
2020 4565 2170 4634 nomeu

492 4689 576 4774 siue
602 4683 796 4772 adiuncto·
817 4687 955 4802 aliquo
981 4685 1141 4770 honoris
1169 4686 1289 4772 titulo
1318 4687 1428 4804 legi,
1447 4706 1495 4772 ut
1521 4715 1579 4770 er„
1609 4704 1705 4802 grat.
1734 4679 2004 4796 bellipotentes,
2012 4689 2170 4796 sapien·

491 4831 557 4930 tis,
568 4823 795 4939 firmissimi
821 4843 891 4907 ete
921 4819 1032 4948 quod
1051 4820 1102 4908 de
1137 4821 1225 4908 aliis
1254 4827 1437 4912 Ducibus
1457 4831 1622 4914 minime
1641 4825 1706 4912 vel
1728 4854 1885 4937 perraro
1915 4821 2017 4910 facit.
2034 4824 2168 4910 Immo

497 4999 681 5082 persaepe
708 4967 829 5052 illum
857 4967 1080 5054 Dourirtum
1107 4962 1278 5080 appellat
1305 4989 1475 5070 auctor,
1519 4963 1631 5085 quod
1673 4972 1793 5054 etiem
1834 4970 1902 5054 rix
1929 4987 1998 5052 aut
2025 4987 2086 5054 ue·
2102 4968 2171 5052 rix
