4834 6602
22 5027 106 5180 ,κ

20 5554 112 5600 a?

903 613 1124 739 tuot

526 931 589 1016 IN
618 925 1260 1046 FESTIYITATES.SAB1N1
1290 925 1456 1016 EPISC.
1485 925 1560 1017 Et
1603 955 1626 980 ‘

582 1116 587 1126 ι
769 1069 1135 1160 CONFESSORIS
1163 1067 1333 1156 llllSSA.
1474 1133 1477 1143 .

944 1354 1145 1448 Intmttus.

331 1638 464 1745 Quem
493 1635 680 1722 dominus
709 1642 860 1725 meritis
888 1637 1090 1724 decoravit
1117 1631 1297 1748 Christus
1333 1637 1478 1749 opInris
1538 1632 1747 1720 laudemus
1789 1641 1901 1722 suavi

213 1803 404 1866 concentu
433 1781 592 1865 beatum
622 1781 767 1864 virum.
796 1779 963 1868 candida
992 1782 1187 1894 propitius
1212 1797 1417 1878 conservet
1445 1807 1609 1864 munera
1653 1781 1787 1894 gentis.
1829 1777 1900 1861 Di-

217 1919 365 2005 lectum
384 1951 405 2004 a
425 1921 513 2004 Deo
531 1917 728 2034 presulem
756 1919 949 2004 sabinum.
968 1921 1105 2027 Pastor
1133 1941 1322 2036 perpetue
1359 1919 1604 2036 gratulemur
1622 1949 1785 2007 munera
1821 1924 1911 2014 vite¹

331 2057 536 2145 Memento
564 2055 736 2144 domine.
850 2057 1001 2144 Gloria.

985 2343 1129 2430 Omnia.

338 2619 450 2704 Dens
479 2619 726 2706 illuminator
752 2623 937 2712 omnium
965 2624 1008 2710 in
1036 2641 1076 2708 te
1106 2585 1379 2738 sperantium,
1415 2627 1529 2709 cuius
1568 2623 1719 2706 virtute
1758 2621 1896 2706 beatus

222 2760 380 2846 sabinus
407 2759 606 2844 confessor
632 2781 752 2876 atque
780 2761 971 2874 pontifex·
985 2768 1040 2849 ita
1068 2763 1316 2856 illuminatus
1345 2786 1403 2852 est
1441 2785 1488 2847 nt
1529 2787 1730 2846 venenum
1759 2767 1899 2852 moru-

222 2900 353 2985 serum
381 2899 519 2985 bibens
549 2929 628 2984 nou
656 2900 789 2984 solum
817 2900 951 2986 illesus
979 2901 1165 2990 evaderet·
1190 2905 1261 2991 sed
1289 2927 1329 2990 et
1358 2926 1463 2989 vates
1482 2904 1710 2988 claresceret
1731 2933 1900 3018 magnus

219 3039 390 3128 macele
416 3044 614 3154 propitius
642 3063 688 3126 ut
718 3073 789 3154 per
816 3043 926 3128 illius
955 3046 1270 3134 intercessionem
1299 3077 1524 3156 mereamur
1549 3049 1596 3136 itt
1623 3046 1740 3145 nobis
1764 3049 1895 3166 prtin-

225 3184 289 3295 gui
322 3179 521 3264 mortifera
549 3201 590 3264 et
617 3177 782 3296 adipisci
812 3183 914 3269 bona
945 3183 1108 3270 celestia.
1136 3190 1212 3272 Per
1240 3207 1312 3272 etc.

879 3467 1017 3554 Lectio
1046 3467 1113 3556 tib.
1146 3469 1241 3583 Sap.

289 3725 295 3738 ¹
337 3748 417 3832 Iste
446 3747 643 3833 confessor
672 3780 841 3868 magnus
870 3753 941 3865 qui
970 3754 1081 3866 quasi
1109 3747 1220 3833 stella
1250 3753 1444 3834 naatutina
1481 3752 1521 3834 in
1566 3746 1702 3834 medio
1760 3749 1905 3834 nebule

222 3911 262 3974 et
289 3891 400 4003 quasi
429 3889 523 3972 luna
552 3889 668 4001 plena
697 3895 739 3976 in
768 3889 909 3977 diebus
937 3896 1019 3975 suis
1048 3891 1165 3974 lucet.
1195 3913 1235 3974 et
1265 3896 1377 4005 quasi
1406 3891 1465 3978 sol
1495 3891 1704 4008 refulgens.
1741 3894 1801 3976 sic
1830 3892 1901 3976 ille
1941 3907 1944 3913 '

226 4031 370 4114 effulsit
397 4031 442 4132 in
468 4031 619 4144 templo
647 4028 726 4115 dei.
744 4032 865 4142 Quasi
894 4032 977 4117 lilia
1006 4063 1086 4148 que
1114 4055 1206 4116 sunt
1236 4037 1276 4116 in
1305 4039 1471 4118 transitu
1499 4065 1602 4150 aque
1620 4055 1659 4116 et
1678 4037 1789 4148 quasi
1809 4034 1901 4118 thus

231 4167 411 4254 redolens
439 4174 481 4253 in
511 4167 652 4255 diebus
680 4176 819 4256 estatis
847 4171 970 4281 Quasi
998 4174 1100 4292 ignis
1129 4171 1317 4288 effulgens
1339 4193 1380 4256 et
1423 4173 1515 4257 thus
1543 4169 1684 4255 ardens
1714 4177 1755 4256 in
1785 4176 1905 4288 igem.

164 4332 168 4342 '
228 4307 349 4418 Quasi
378 4339 446 4393 vas
474 4311 560 4392 auri
587 4307 776 4394 solidum.
806 4309 1003 4395 Ornatum
1031 4315 1142 4394 omni
1174 4309 1305 4423 lapide
1333 4316 1518 4424 precioso.
1546 4310 1668 4420 Quasi
1688 4311 1791 4395 oliva
1813 4313 1905 4423 pul·

230 4447 367 4532 lulnns.
396 4472 436 4562 et
473 4453 644 4564 cipersus
681 4447 806 4566 (sic)
835 4454 876 4534 in
904 4446 1157 4534 altitudinem
1185 4481 1226 4536 se
1255 4452 1455 4538 extollens.
1494 4451 1543 4536 In
1579 4451 1805 4568 accipiendo
1845 4457 1905 4570 ip·

233 4615 316 4673 sam
343 4589 485 4677 stolam
511 4588 644 4706 glorie.
679 4586 791 4674 dedit
819 4595 1018 4675 sanctitate
1045 4595 1247 4676 amictum.
1276 4591 1431 4677 Corona
1460 4591 1628 4677 fratrum
1649 4599 1761 4708 quasi
1786 4595 1908 4706 plan-

238 4731 337 4811 tacio
347 4723 519 4813 cedri
508 4761 550 4813 tn
578 4750 713 4840 monte
741 4724 884 4814 libano.
913 4727 1038 4813 Dedit
1065 4727 1230 4842 gloriam
1261 4729 1337 4815 deo
1366 4764 1387 4817 a
1425 4731 1538 4818 labiis
1571 4739 1652 4819 suis
1670 4739 1722 4819 in
1749 4739 1910 4819 'nomine

232 4869 313 4949 eins
349 4837 539 4984 gloriatus
563 4893 620 4954 est
649 4914 687 4972 ᾳ
727 4865 832 4954 Ecce
859 4866 1037 4954 sacerdos
1066 4899 1234 4992 magnus
1263 4877 1335 4989 qui
1371 4879 1414 4960 in
1450 4872 1591 4960 diebus
1638 4879 1718 4958 suis
1754 4873 1905 4986 placuit

228 5003 303 5094 deo
330 5022 364 5092 t
394 5007 490 5098 Non
512 5032 573 5096 est
601 5013 784 5098 inventus
811 5009 951 5094 similis
980 5011 1040 5097 illi
1068 5018 1141 5129 qui
1170 5038 1414 5104 conservaret
1451 5016 1580 5130 legem
1624 5013 1780 5104 excelsi
1801 5013 1897 5106 All-{¹
