4884 6692
1070 599 1087 716 (
1117 601 1170 716 37
1201 603 1218 720 )

303 787 373 874 rie·
390 781 537 870 eleison
565 805 659 864 curn
687 763 938 860 mubiclroris
965 770 1051 856 ntis
1078 769 1350 884 solempniter
1375 790 1414 859 et
1443 775 1685 864 Patrr'rrrclm
1713 781 1852 873 Gloria
1873 791 1990 878 inex·

300 924 414 1014 celsis
442 923 529 1010 deo.
564 916 678 1006 Otllc
721 913 835 1000 Deua
863 943 886 998 a
915 941 999 1028 quo
1027 933 1068 1000 et
1095 907 1211 998 iudas
1240 912 1421 1026 Entstobz
1448 916 1509 1000 ard
1525 919 1709 1007 Cltorint:
1741 924 1986 1020 Convenien-

291 1067 410 1175 ‚tibus
438 1063 551 1148 vobis
579 1064 622 1144 in
650 1084 783 1140 unum
811 1085 847 1144 r.
875 1050 1057 1146 Christus
1094 1051 1220 1142 factus
1257 1075 1325 1138 est.
1355 1072 1389 1138 t.
1418 1080 1580 1172 propter
1617 1063 1748 1178 quod:
1787 1071 1988 1159 Recento-

298 1225 365 1290 tur
393 1202 664 1318 &angelium
704 1224 835 1282 secura
865 1195 980 1281 Joarr.
1008 1192 1117 1278 Ante
1145 1190 1257 1288 diem
1285 1192 1434 1284 festum
1463 1201 1596 1286 sciens
1624 1185 1758 1292 Credo
1785 1211 1828 1295 in
1856 1241 1987 1298 unum

303 1342 436 1435 deum.
452 1345 571 1460 Off'c.
599 1339 761 1426 dextero
787 1330 952 1420 donini.
983 1333 1076 1418 Part
1102 1332 1349 1450 effimn'um
1377 1336 1539 1428 deutur
1564 1363 1718 1431 secreta
1737 1365 1775 1434 et
1789 1351 1979 1466 prefatio.

308 1495 395 1604 -Qui
424 1487 592 1591 salutern
620 1480 796 1568 humani
825 1477 1019 1580 Sanctrrs,
1046 1477 1227 1592 sequitur
1243 1474 1301 1560 Te
1323 1479 1445 1592 igitur
1473 1515 1600 1601 usque
1627 1490 1688 1576 ad
1720 1525 1814 1578 eum
1841 1492 1982 1583 Iocum.

303 1634 412 1720 Intra
440 1655 618 1743 quomm
646 1649 719 1706 nos
746 1617 991 1702 consortium
1018 1643 1055 1697 n.
1084 1642 1117 1696 e.
1146 1631 1185 1699 et
1211 1631 1427 1734 antequam
1456 1621 1616 1712 dicatur
1652 1663 1723 1745 per
1752 1665 1876 1751 quem
1903 1639 1977 1724 hac

297 1773 432 1857 omnia
460 1765 655 1882 efferatur
680 1757 809 1848 oleum
836 1755 898 1842 ad
910 1753 1114 1872 ungenda
1141 1772 1228 1840 tam
1255 1753 1435 1870 irfirmos
1462 1793 1586 1880 quam
1613 1775 1883 1886 nnigrrurenes
1903 1775 1976 1892 (2).

295 1913 392 2002 Post
420 1903 731 1995 benedictionem
758 1895 835 1982 olei
859 1895 999 1982 eodem
1026 1895 1168 1982 ordine
1197 1929 1273 2010 qrro
1302 1901 1485 1988 asceneb’t
1525 1925 1751 2022 reportatio·
1789 1932 1829 2000 et
1854 1922 1982 2006 nessa

297 2082 370 2137 5240
398 2047 537 2136 ordine
559 2057 782 2162 peragatur
807 2064 930 2152 usqtoe
958 2033 1251 2122 benedictiones
1280 2040 1523 2155 episcopales
1558 2044 1777 2134 solueretur.
1822 2047 1976 2169 (butam

283 2189 420 2304 finitis
447 2214 523 2298 pax
550 2180 705 2278 domini
744 2175 900 2262 dicitnr.
946 2174 991 2261 Τ
983 2203 1061 2264 unc
1108 2174 1352 2263 Patrimclro
1395 2197 1636 2295 eapectante
1683 2196 1852 2278 venient
1881 2194 1976 2283 drio-

297 2325 428 2410 decim
449 2322 665 2437 presbiteri
690 2319 743 2412 de
769 2317 952 2434 sepulcro
979 2323 1089 2406 beate
1118 2319 1249 2402 morie
1335 2379 1976 2420 .....

412 2527 423 2548 .
525 2462 725 2549 ordinata
746 2463 1000 2575 processione
1028 2479 1221 2579 ᾳιιαιιιιιιιι
1248 2487 1345 2574 opus
1373 2461 1425 2543 sit
1452 2460 1515 2546 ad
1529 2459 1798 2575 deficentium
1823 2501 1918 2558 crim
1935 2504 1975 2561 ο.

286 2612 379 2696 mni
432 2601 574 2706 decore
610 2603 740 2692 oleum
782 2600 997 2688 clrrrsnmle
1044 2607 1209 2718 insuper
1255 2599 1629 2691 catbecwnenorurn
1676 2625 1715 2694 et
1757 2614 1973 2730 neophyto-

286 2779 410 2854 rum,
447 2774 572 2861 usqree
617 2763 711 2830 ante
739 2741 1032 2828 Patriorclrarra
1061 2743 1153 2828 Sint
1179 2759 1315 2830 arcem
1342 2772 1479 2834 omnes
1500 2750 1643 2862 parati
1680 2751 1726 2834 in
1754 2753 1903 2840 casulr's
1926 2775 1966 2841 et

293 2888 569 3008 sollempnibus
616 2886 794 2974 uestibus
822 2881 961 2972 indicti.
1008 2898 1047 2970 et
1083 2887 1266 2999 prinum
1302 2885 1488 2974 ordinent
1532 2919 1576 2976 se
1622 2891 1690 2974 ito
1738 2893 1837 2979 Duo
1881 2927 1980 2982 nco.

234 3266 236 3272 ’
290 3239 358 3313 tali
386 3231 537 3327 Calicis,
553 3241 589 3304 ιιι
613 3227 697 3302 olim
722 3227 821 3302 etiam
845 3223 1043 3323 dicebatur,
1069 3222 1254 3321 sublimia,
1283 3241 1323 3302 et
1363 3225 1456 3302 coelo
1488 3226 1587 3327 digno
1620 3229 1889 3332 peragebantur!
1915 3233 1971 3312 Eo

286 3361 512 3456 aliaeeliae,
538 3387 605 3462 quo
629 3353 986 3458 publicepoenitentes
1010 3367 1196 3453 peccatores
1222 3353 1387 3430 Ecclesiae
1411 3355 1534 3430 Christi
1558 3358 1866 3436 recondliabantur.
1896 3361 1970 3453 Qui,

284 3493 399 3590 macti,
411 3505 444 3566 et
467 3491 593 3592 augusti
616 3487 708 3564 ritrss!
722 3486 779 3588 qui
803 3484 1049 3584 gemituslquae
1073 3495 1145 3556 ιιιιιι
1170 3481 1410 3578 poenitentium
1433 3481 1605 3582 ipsorum,
1621 3496 1696 3559 turn
1720 3499 1754 3560 et
1766 3483 1966 3567 amaneum

285 3621 446 3720 ιιιιρὶιὶιι,
471 3643 557 3719 quae
581 3615 745 3690 lacrimae!
764 3611 835 3703 Qui
860 3611 1047 3686 animorum
1073 3607 1195 3682 nesus!
1215 3606 1306 3698 Quin
1326 3609 1430 3692 etiam
1454 3621 1486 3683 et
1510 3609 1602 3710 quod
1627 3611 1948 3715 gaudiumlquiam

284 3747 417 3846 plexus!
446 3769 531 3844 quae
555 3738 684 3814 oscula!
709 3763 786 3812 cum
811 3717 933 3838 perditi
956 3751 1049 3812 antea
1072 3749 1207 3838 perram
1231 3736 1381 3814 homines
1411 3739 1457 3814 ed
1480 3739 1592 3814 Deum
1623 3741 1757 3844 desque
1779 3659 1966 3817 Ecclesiam

283 3867 543 3947 revertebuntur.
572 3865 673 3940 Siccis
696 3890 774 3942 sane
796 3866 911 3960 oculis,
938 3891 999 3942 nec
1024 3865 1139 3964 corde,
1154 3866 1432 3968 visceribusque
1422 3871 1760 3972 immotislegipotest
1783 3868 1964 3946 admirabi-

282 4003 321 4077 lis
346 3999 397 4074 illa
405 3994 639 4072 Arclridiaconi
663 3994 828 4072 adlocutio
852 3994 940 4092 apud
963 3996 1007 4068 B.
1027 3995 1280 4095 Thensauro,
1306 3997 1391 4074 dum
1415 4001 1613 4098 poenitenter
1637 3999 1809 4076 Pontificis
1832 3997 1877 4072 nd
1902 4027 1961 4099 pe-

281 4131 341 4206 des
365 4127 532 4228 totiusque
556 4137 666 4198 coeurs
689 4123 866 4202 obvolutos
890 4123 1070 4202 exhiberet
1099 4124 1220 4198 Merito
1244 4121 1299 4199 illa
1323 4127 1429 4200 Leoni
1455 4129 1579 4226 Magno
1603 4124 1791 4220 tribuitur,
1818 4153 1896 4202 cum
1920 4126 1961 4200 il-

281 4257 344 4332 lius
368 4253 435 4329 stili
459 4253 661 4327 maiestatem
684 4249 844 4328 redoleat.
873 4251 978 4327 Vides
1000 4251 1103 4329 lector
1127 4265 1239 4327 nostro
1263 4256 1298 4330 in
1322 4253 1387 4330 hoc
1411 4252 1535 4329 Codice
1570 4255 1688 4328 veteris
1721 4252 1857 4352 vestigio
1891 4253 1960 4328 lor·

180 4441 198 4477 a
280 4412 385 4482 mae,
412 4381 500 4457 unde
524 4395 558 4456 et
581 4380 669 4457 dolet
692 4407 760 4457 non
784 4383 948 4484 integrum
974 4384 1054 4460 ritus
1085 4377 1226 4459 modurn
1265 4383 1298 4457 in
1332 4397 1444 4456 nostro
1480 4378 1605 4454 Codice
1635 4378 1712 4477 legi.
1741 4380 1796 4452 An
1828 4379 1961 4453 fortasse

277 4513 352 4614 quia
376 4515 474 4612 pauci
497 4523 571 4585 tum
594 4523 709 4608 mant,
735 4512 794 4612 qui
817 4526 933 4612 sponte
957 4515 1057 4588 etiam
1079 4539 1138 4589 sun
1162 4508 1296 4608 publice
1320 4521 1455 4607 peccata
1481 4508 1672 4582 confitentes
1683 4505 1744 4580 Dei
1770 4507 1956 4580 misericor·

278 4639 369 4712 diam
390 4661 400 4732 ,·
425 4635 642 4742 fideliumque
666 4635 914 4736 implorabant,
940 4640 986 4710 ite
1009 4651 1049 4712 ιιι
1074 4637 1244 4733 disciplina
1268 4635 1324 4711 illa
1356 4638 1391 4711 in
1416 4634 1664 4711 desuetudinem
1695 4631 1891 4711 declinaret!
1909 4631 1956 4706 Ar

277 4788 360 4842 vero
386 4764 419 4840 in
444 4762 565 4838 Cluisti
589 4764 735 4840 Ecclesia
760 4763 841 4838 ritus
864 4772 1068 4854 mutantur,
1095 4786 1162 4835 non
1187 4787 1297 4860 veto,
1323 4788 1410 4866 quae
1433 4763 1498 4839 ritu
1522 4763 1594 4866 ipso
1618 4764 1851 4867 significentur.

388 4887 446 5010 (a)
470 4891 619 4970 Librarii
643 4919 750 4972 error.
779 4893 871 4994 Lege
897 4887 1173 4993 energunrenos.
