4820 6604
443 489 905 610 uxcsmsurtsuutt
932 492 1006 587 ss,
1022 483 1451 610 narraturusmo
1471 492 1673 586 neutro
1794 611 1798 624 Α
1835 511 1843 522 ·

353 767 763 912 rumare
827 773 1146 930 ‚tumes
1178 919 1181 928 ,
1210 775 1770 928 cranemere

572 1133 575 1142 ’
664 1134 1006 1216 UELPHICTENSIS
1027 1142 1241 1212 ECCLESIAE
1262 1143 1473 1217 EPISCOPO

894 1407 1241 1464 -ιωοοθοοω-ε

224 1667 372 1841 Tm
418 1717 819 1892 praesertim,
868 1759 991 1890 qua
1035 1723 1295 1842 maxime
1342 1709 1533 1894 polles
1542 1811 1563 1873 ,
1592 1726 1903 1852 auctoritas

217 1973 326 2062 'me
357 1921 608 2107 ¹impulit
638 2013 668 2080 ,-
709 1928 893 2052 immo
942 1963 1004 2056 et
1049 1931 1295 2104 coegit,
1345 1958 1412 2052 ut
1459 1917 1619 2052 hanc
1657 1923 1908 2060 adorna·-

224 2188 293 2270 re
321 2133 600 2316 Spartam
631 2137 997 2312 susciperem
1020 2229 1046 2292 ,,
1074 2167 1143 2306 ut
1167 2129 1372 2291 buius,
1407 2177 1593 2310 qnam
1626 2128 1908 2266 Tuono-
1994 2245 2000 2253 .

223 2355 388 2478 mine
436 2341 710 2522 Tuisque
758 2337 1010 2470 illustras
1059 2343 1402 2504 virtutibuS‚
1451 2337 1907 2524 Melpbictensis

224 2553 531 2688 Ecclesiae
585 2550 985 2731 liturgicarum
1038 2600 1241 2683 rerum
1293 2585 1566 2684 veterum
1627 2550 1907 2732 reliquias

225 2778 290 2898 in
336 2769 751 2943 manuscriptis
798 2755 1028 2890 Missali
1067 2757 1341 2922 Ordine,
1375 2796 1437 2890 et
1467 2758 1770 2892 Breviario
1807 2809 1908 2892 ve·-

227 2974 334 3108 luti
381 2970 642 3162 sepultas
691 2969 766 3100 ad
812 2981 992 3104 vitam
1038 2972 1423 3132 revocarem,
1472 2979 1663 3154 iisque
1712 2945 1909 3107 lucem

229 3182 490 3364 aliquam
537 3180 980 3364 adspergerem.
997 3357 1008 3376 .
1028 3181 1254 3366 Fuerat
1301 3180 1587 3362 equidem
1618 3178 1765 3330 illud
1790 3191 1907 3310 mi·
2107 3353 2111 3360 Ι

26 3395 30 3400 ’
229 3393 293 3522 hi
319 3387 436 3526 ¹vel
485 3443 519 3520 a
563 3399 872 3522 iuventute
919 3438 1056 3521 mea
1100 3400 1165 3523 in
1210 3428 1414 3522 mente
1475 3398 1788 3573 positum,
1834 3427 1908 3520 'et
2091 3559 2096 3568 1

229 3613 460 3734 utinam
505 3597 567 3730 id
613 3650 686 3733 ea
732 3637 923 3732 aetate
968 3602 1388 3785 perfecissem,
1440 3647 1562 3780 qua
1623 3637 1684 3730 et
1729 3649 1908 3730 men·-

229 3823 300 3950 tis
327 3839 429 3950 et·
453 3816 719 3997 corporis
765 3818 919 3940 vires
965 3807 1402 3991 suppetebant!
1454 3810 1647 3942 Variis
1678 3861 1823 3943 uero
1847 3849 1907 3942 et

227 4015 428 4171 multis
476 4014 897 4156 Ecclesiasticis
945 4028 1314 4184 ministeriis,
1365 4019 1441 4150 et·
1471 4022 1746 4202 gravibus
1793 4020 1907 4152 dis·

233 4267 437 4366 tentus
506 4239 659 4364 curis
706 4229 768 4367 in
815 4227 929 4391 td,
988 4227 1170 4410 quod·
1225 4229 1544 4411 cupiebam
1606 4225 1766 4362 haud
1822 4226 1911 4360 in·

231 4407 519 4584 cumbere
567 4437 749 4592 licuit.
770 4437 1144 4583 succedebat
1192 4449 1400 4599 etiarn,
1428 4433 1591 4617 quod
1616 4434 1763 4571 illud
1794 4435 1912 4570 ob·-
2059 4476 2065 4487 ·

232 4649 580 4784 versabatur
643 4655 843 4784 animo
894 4649 1085 4830 *quod
1152 4646 1331 4830 vulgo
1396 4653 1688 4808 effertur,
1753 4647 1911 4780 scili-

238 4897 336 4996 cet
383 4868 507 5004 sine
553 4855 741 4992 multa
770 4853 1098 5004 librorum
1131 4854 1477 5044 supellectili
1523 4867 1622 5080 vix
1685 4893 1781 4992 aut
1822 4903 1908 5042 ne
