4914 6610
1250 524 1267 638 (
1296 523 1379 638 '150
1408 523 1424 640 )

494 721 618 804 scopo
633 692 840 806 capsulam
867 691 1088 809 quamdam
1116 727 1144 782 a
1172 691 1345 808 quodam
1375 695 1579 778 corrrcrr‘rro
1602 689 1710 806 quod
1723 695 1899 804 positum
1926 710 2013 776 erat
2040 699 2172 800 subter·

493 835 621 928 olore
649 839 783 920 marias
807 833 1066 924 cathedralis
1094 832 1322 936 exhibitam
1342 827 1499 944 fuisse,
1515 831 1705 951 clivoque
1734 835 1853 948 (ussa
1883 835 1992 920 Beati
2020 834 2167 928 Conna.

493 971 539 1062 di
567 975 868 1094 continentem)
896 981 1100 1094 soporatam
1111 974 1258 1092 fuisse
1285 981 1504 1066 inventam
1530 976 1678 1092 sigillis
1701 979 1893 1100 Episcopi
1911 979 2069 1071 Priaelli.
2087 982 2174 1068 Do·

491 1115 548 1200 let
575 1115 689 1233 quod
716 1122 900 1234 quincta
929 1123 1159 1206 visitationis
1188 1119 1379 1234 Episcopi
1410 1116 1463 1203 de
1491 1118 1656 1208 Marinis
1684 1117 1870 1227 dictavit,
1899 1126 2079 1214 omiserit
2108 1155 2166 1213 ra·

491 1252 595 1342 serre
623 1250 935 1377 recognitionem
964 1259 1154 1374 Corporis
1191 1291 1214 1344 a
1239 1258 1415 1346 Pincllio
1444 1261 1588 1346 iactam
1625 1293 1720 1346 cum
1762 1269 2024 1377 appositione*
2049 1265 2157 1358 illius

493 1396 733 1516 insignium,
761 1399 827 1486 vel
854 1401 993 1487 saltem
1024 1399 1135 1488 illaria
1164 1400 1349 1487 indicare.
1377 1402 1501 1496 Dolet
1527 1433 1692 1518 quoque
1710 1436 1833 1520 quarn
1852 1406 2166 1524 maxime‚quod

492 1543 537 1626 in
563 1537 809 1655 Episcopalis
837 1537 982 1632 Curiae
1008 1538 1223 1638 Tabulario
1242 1561 1365 1626 exstet
1389 1561 1546 1631 tautum
1574 1542 1762 1662 Synodus
1788 1547 1999 1634 aPinellio
2024 1549 2164 1662 habita,

493 1701 534 1766 et
562 1702 695 1786 contra
723 1685 888 1770 omnino
916 1680 1046 1769 desim
1073 1703 1156 1769 acta
1183 1681 1467 1775 Visitationum
1494 1704 1535 1768 et
1563 1683 1723 1786 rinellii
1741 1749 1753 1791 ι
1774 1705 1823 1778 st
1850 1685 1903 1784 de
1932 1688 2109 1782 Masinis

602 1824 667 1909 Ex
695 1823 880 1916 hactenus
909 1824 1025 1912 dictis
1054 1826 1167 1914 facile
1195 1829 1286 1942 quis
1304 1825 1461 1942 (neqm
1487 1825 1564 1916 hoc
1577 1817 2047 1946 silentio,premendunr)
2066 1830 2165 1920 Met,

487 1953 751 2079 pltictensium
788 1997 880 2084 erga
907 1969 1127 2054 Patronurn
1154 1958 1276 2070 snum
1305 1971 1489 2081 pietatis,
1526 1967 1778 2084 religiosique
1814 1969 1938 2056 studii
1967 1975 2163 2076 vicissitus

486 2107 599 2196 dines
619 2111 811 2195 coniicere
825 2113 981 2222 poterit
992 2111 1047 2196 Et
1066 2115 1207 2226 primis
1226 2141 1317 2198 sane
1335 2141 1358 2194 a
1376 2109 1638 2223 reliquiarum
1654 2112 1995 2204 eiustranslationn
2014 2135 2164 2228 tempo-

483 2251 596 2336 ribus
624 2285 749 2366 quam
780 2250 1093 2344 fervidissimum
1121 2254 1253 2360 luisse,
1271 2251 1338 2339 vel
1365 2283 1414 2338 ex
1441 2281 1489 2336 eo
1517 2252 1673 2339 ostendi
1702 2253 1847 2360 licebit,
1876 2253 1988 2370 quod
2018 2257 2061 2345 in
2082 2256 2160 2362 Ka,

484 2389 662 2478 leudario
690 2397 721 2488 I,
749 2397 1024 2511 Melphictensi
1051 2399 1147 2482 citra
1174 2396 1428 2488 medietatem
1454 2395 1600 2492 saectdi
1628 2395 1750 2496 XIV.
1777 2401 1924 2510 scripto
1951 2399 1988 2492 S.
2016 2396 2162 2484 Conraa

489 2534 540 2621 di
567 2567 714 2630 nomen
743 2537 883 2624 litteris
918 2540 1046 2628 minio
1083 2537 1194 2624 illitis
1231 2537 1417 2654 legatur,
1452 2556 1493 2620 et
1529 2539 1572 2624 in
1600 2535 1749 2628 Missali
1776 2535 1929 2632 Ordine
1956 2538 2161 2653 peculiaris

484 2676 663 2766 officium
692 2681 832 2764 missae
860 2676 1114 2766 describatur.
1143 2677 1247 2762 XIV
1275 2709 1371 2766 vero
1399 2677 1576 2783 saeculo,
1604 2698 1644 2766 et
1671 2681 1747 2766 hoc
1774 2703 1943 2774 exeunte
1962 2702 2159 2794 tepescere

487 2839 701 2932 caeperunt
727 2824 879 2929 animi,
907 2825 961 2918 in
999 2844 1046 2908 ut
1083 2825 1196 2937 quasi
1219 2825 1320 2910 cius
1350 2822 1503 2908 oblivio
1531 2820 1692 2910 inducta
1720 2828 1780 2914 sit.
1809 2823 1910 2912 Eius
1947 2829 2003 2908 roi
2046 2855 2160 2940 argu,

487 2985 673 3061 mentum
710 2969 786 3050 erit
822 2963 938 3081 quod
981 2966 1023 3048 in
1052 2963 1295 3054 Kalendario
1323 2964 1600 3076 Melpbictensi
1628 2963 1671 3046 ll
1710 2963 1819 3050 nulla
1847 2962 1957 3058 Beati
1985 2961 2159 3056 Conradl

484 3104 676 3196 habeatur
707 3109 880 3210 mentio,
908 3103 1058 3192 nulla
1046 3137 1089 3190 ιιι
1116 3102 1328 3208 breviarii,
1357 3107 1421 3188 cui
1451 3101 1726 3204 kalendarium
1757 3098 2000 3218 praefixum,
2028 3101 2160 3186 lectio,

488 3244 616 3328 uibus
644 3245 745 3338 Eius
773 3275 921 3340 nomen
951 3249 993 3330 in
1023 3244 1167 3336 litaniis
1195 3264 1353 3330 tantum
1381 3263 1572 3368 apparet,
1600 3265 1648 3327 ut
1681 3248 1724 3334 in
1751 3244 1999 3332 Praelatinno
2027 3239 2158 3327 Genu

485 3385 563 3474 rali
591 3363 834 3484 monuimus
861 3385 1009 3482 Cnrn
1000 3391 1123 3502 igitur
1150 3387 1292 3478 Bavari
1319 3393 1441 3480 nostri
1471 3390 1513 3472 in
1542 3385 1888 3497 Meipltictensiurn
1918 3384 2067 3482 ruinis
2101 3379 2154 3466 fe

485 3557 531 3614 re
557 3525 763 3622 obliterata
791 3547 908 3632 esset,
937 3557 1056 3622 nemo
1084 3526 1335 3626 mirabitur
1324 3557 1365 3624 ιιι
1393 3551 1534 3620 eorum
1553 3528 1694 3623 animis
1723 3527 1920 3652 peregrim
1908 3523 2054 3608 siculi
2073 3553 2157 3608 nara

483 3671 676 3754 rationem
705 3665 842 3756 locum
868 3670 1045 3785 aliquem
1074 3671 1275 3755 invenisse.
1305 3666 1360 3748 At
1403 3695 1549 3750 veroa
1577 3663 1696 3756 Bovii
1738 3685 1862 3751 aetate
1900 3660 2083 3769 facturn,
2111 3682 2159 3746 ut

485 3807 786 3921 blelpbictenses
814 3837 921 3896 novo
950 3813 1103 3922 pietatis
1131 3807 1266 3894 studio
1294 3837 1385 3924 erga
1413 3808 1458 3904 B,
1488 3804 1722 3910 Conradnrn
1759 3805 2091 3912 accenderentur,
2119 3829 2159 3894 et

489 3945 634 4034 exinde
661 3953 747 4044 eius
774 3976 938 4063 corpus,
967 3947 1081 4064 quod
1109 3949 1270 4050 sortasse
1299 3945 1576 4047 absconditum
1606 3945 1771 4051 latebat,
1799 3944 1919 4042 fuerit
1939 3951 2159 4051 inventurn,

486 4085 574 4180 Nec
600 4091 708 4180 enim
737 4086 867 4179 infimi
894 4094 980 4182 aevi
1009 4089 1175 4186 saeculis
1202 4121 1292 4184 ιιιο
1310 4087 1524 4188 eveniebat,
1540 4108 1586 4170 ut
1600 4087 1834 4193 Sanctorum
1855 4118 2033 4200 corpora,
2052 4119 2160 4174 nea

489 4233 686 4326 lienomm
715 4232 845 4339 furto,
872 4253 913 4318 et
939 4236 1059 4332 etiarn
1088 4234 1265 4360 rapinae,
1295 4250 1342 4314 ut
1367 4227 1558 4325 assolebat
1568 4231 1762 4354 ,exposita
1790 4249 1937 4332 essem,
1954 4223 2158 4360 profundo

487 4373 705 4500 ignotoque
731 4373 820 4460 loco
849 4347 1191 4470 abscinderentur.
1222 4367 1302 4462 Sed
1330 4400 1353 4454 e
1381 4365 1669 4468 diverticulo
1658 4397 1699 4462 ιιι
1728 4370 1869 4458 viana,

597 4512 662 4597 Ex
691 4512 1050 4626 Hierosolymitana
1079 4515 1416 4630 peregrinatione,
1445 4533 1547 4620 quac
1574 4509 1768 4632 superius
1782 4502 1952 4634 adducta
1982 4524 2075 4630 sunt
2103 4525 2159 4589 tes

483 4657 691 4760 stimonia,
719 4676 875 4754 secutus
903 4653 1122 4740 Damianus
1151 4651 1365 4756 reducem,
1393 4648 1514 4733 fracta
1540 4667 1674 4772 tamen
1703 4645 1962 4758 valetudine,
1991 4647 2158 4756 Bariurn

487 4795 716 4914 appulisse,
747 4799 819 4898 nec
847 4798 920 4882 iter
950 4801 992 4893 in
1019 4794 1196 4881 Galliam
1223 4799 1411 4912 prosequi
1430 4794 1626 4888 valentem
1653 4794 1694 4873 in
1712 4787 1861 4902 Crypta
1881 4787 2056 4902 quadam
2075 4787 2159 4886 Me.-

493 4942 675 5034 danieusi
705 4945 746 5028 in
776 4969 868 5059 agro
899 4966 1022 5071 prope
1050 4933 1214 5044 Bariuru
1243 4965 1284 5036 se
1313 4967 1353 5032 se
1381 4929 1598 5042 abdidisse,
1626 4929 1763 5064 ibique
1790 4930 1959 5044 detnuur
1986 4929 2156 5046 obiisse,

2065 5597 2115 5711 N
