4870 6630
1289 568 1434 692 (9⁸)

1190 883 1539 1002 sapermmrm
1753 937 1755 944 ψ

639 1177 753 1264 Deus
778 1170 996 1264 habraham
1024 1167 1127 1258 deus
1145 1197 1261 1284 ysaac
1280 1161 1387 1256 deus
1405 1165 1519 1254 iacob
1546 1162 1646 1254 deus
1664 1168 1737 1282 qni
1764 1165 1893 1256 tribus
1922 1165 2037 1256 israel
2056 1171 2216 1258 monui·

525 1326 597 1427 sti,
624 1340 664 1406 et
690 1346 857 1406 susanna
884 1313 939 1404 de
957 1312 1058 1402 falso
1085 1314 1251 1402 sumine
1278 1309 1461 1398 liberasti
1487 1329 1529 1394 te
1557 1303 1731 1423 supplex
1759 1303 1951 1424 deprecor
1979 1306 2146 1396 domine
2170 1332 2219 1398 nt

523 1465 666 1554 liberes
693 1461 794 1547 hanc
821 1457 1018 1546 famulam
1046 1477 1161 1542 tuam
1189 1475 1235 1541 et
1260 1448 1486 1569 perducere
1515 1479 1604 1538 eam
1633 1446 1806 1570 digneris
1843 1447 1897 1538 ad
1925 1454 2092 1570 gratiam
2120 1451 2219 1568 hrp-

526 1607 637 1691 tismi
667 1604 737 1687 tui.
766 1601 879 1718 Ergo
907 1597 1121 1686 maledicte
1150 1593 1223 1713 (ι)

1164 1879 1303 1996 Super
1329 1867 1578 1966 Mdsculuns

640 2166 835 2251 Excrcizc
863 2182 905 2250 te
930 2158 1141 2250 immunde
1168 2163 1331 2276 spiritus
1358 2164 1402 2248 in
1430 2161 1593 2248 nomine
1619 2163 1741 2276 putris
1768 2184 1808 2249 ct
1836 2158 1938 2268 filii,
1976 2183 2017 2248 et
2044 2169 2209 2278 spiritus

525 2309 644 2392 sancti
671 2324 719 2390 ut
746 2331 857 2388 excas
885 2323 926 2389 et
953 2297 1120 2390 decedas
1148 2300 1202 2387 ab
1237 2301 1318 2387 hcc
1351 2299 1508 2390 famulo
1546 2299 1625 2389 dei.
1658 2305 1747 2416 ipse
1778 2304 1888 2390 eninr
1923 2303 1996 2388 tibi
2033 2305 2203 2416 imperat

525 2445 734 2534 maledicte
782 2446 982 2559 dapmte,
1011 2449 1083 2560 qui
1121 2439 1296 2562 pedihus
1335 2460 1457 2558 super
1484 2472 1597 2532 mate
1624 2441 1846 2534 ambulavit
1882 2463 1924 2530 et
1950 2463 2062 2559 petro
2097 2471 2204 2534 mer·

530 2594 636 2709 genti
665 2588 870 2675 dexteram
897 2590 1086 2702 porrexit.
1110 2571 1223 2710 Euge
1250 2583 1474 2676 maledicte.

1190 2872 1325 2988 Super
1352 2873 1543 2964 Femina.
1569 2954 1573 2960 .

628 3160 830 3246 Exoraizo
854 3179 894 3244 te
922 3154 1137 3259 immunde
1171 3161 1337 3270 spiritus
1362 3185 1434 3272 per
1462 3161 1496 3252 l
1521 3177 1679 3271 patrem
1706 3179 1747 3244 et
1773 3152 1975 3246 Furtum
2014 3176 2053 3242 et
2089 3159 2207 3269 spiri-

512 3326 603 3388 tum
631 3300 660 3390 †
687 3323 869 3386 sanctum
897 3320 945 3384 ut
970 3327 1084 3394 exeas
1112 3318 1153 3384 et
1180 3277 1348 3388 decedas
1377 3297 1433 3384 ab
1467 3295 1541 3382 lrac
1568 3293 1721 3382 famula
1748 3291 1830 3380 dei.
1855 3297 1966 3402 enim
2004 3299 2088 3410 ipse
2125 3297 2201 3390 tibi

517 3450 685 3555 imperat
720 3439 936 3528 maledicte
958 3437 1131 3552 dapuate
1158 3445 1232 3556 qui
1259 3470 1351 3528 cecc
1379 3435 1623 3526 narcoculcs
1641 3439 1796 3551 aperuit
1824 3457 1866 3521 et
1883 3431 2203 3551 qrratriduanum

513 3580 691 3668 lamrum
717 3576 770 3664 de
798 3602 1060 3666 monumento
1085 3583 1297 3666 suscitavit
1327 3579 1439 3698 Ergo
1466 3577 1680 3666 maledicte
1703 3575 1873 3669 <diabole

509 3813 524 3831 ..
640 3720 714 3804 His
752 3722 887 3833 itaque
929 3723 1098 3833 peractis
1131 3715 1363 3836 introdupta
1391 3706 1651 3804 sacerdocii
1681 3719 1911 3806 Ecclesia-⁸:
1927 3715 2141 3838 Ingredere
2157 3722 2205 3807 in

524 3862 706 3948 Sanctam
735 3856 955 3944 Ecclesiam
993 3881 1041 3943 ut
1068 3863 1236 3974 accipias
1270 3856 1591 3946 benedictionem
1634 3858 1821 3946 celestem
1858 3888 1883 3944 a
1921 3857 2089 3946 domino
2117 3853 2201 3943 Y.¹'³·

524 3999 621 4113 Xp.⁰
647 4019 690 4082 a
721 3995 910 4124 Sacerdos
938 4018 999 4084 ter
1035 3997 1141 4086 dicat
1178 4021 1273 4086 aute
1310 3995 1556 4088 crucifixum
1578 4019 1622 4086 :t
1651 3999 1788 4090 Adora
1815 3999 2034 4090 dominum
2067 4000 2196 4090 deum

623 4370 681 4472 (r)
706 4375 857 4468 Lacuna,
876 4395 962 4472 quae
985 4383 1075 4445 certe
1100 4365 1162 4442 luc
1187 4370 1380 4443 incraticne
1404 4379 1466 4462 est,
1481 4369 1529 4443 tic
1552 4395 1572 4444 e
1596 4341 1721 4446 'cotim
1745 4365 1960 4444 Perlltcnenis
1984 4371 2029 4446 B.
2050 4371 2108 4446 M.
2132 4371 2203 4446 Cr·

455 4569 458 4578 .
523 4493 622 4572 leeris
645 4497 680 4570 iu
704 4497 858 4572 Dicccesi
880 4496 1057 4572 Parisiensi
1083 4521 1252 4584 cancrum
1283 4493 1505 4596 800(nu1c
1536 4495 1664 4600 tuac)
1695 4497 1784 4599 apud
1817 4497 2019 4574 Menenium
2042 4530 2080 4582 .-..·
2110 4497 2207 4574 Deus

515 4621 734 4717 Remulum,
758 4623 848 4698 Deus
872 4621 980 4699 Ysanc
1012 4623 1108 4698 Deus
1133 4621 1236 4696 lrccb
1260 4625 1319 4728 qui
1344 4626 1453 4704 tribus
1477 4627 1578 4706 lsrael
1603 4629 1645 4716 de
1672 4631 1855 4740 AEgyptica
1874 4629 2032 4704 entare
2065 4625 2200 4702 liberes

519 4778 579 4853 per
603 4755 752 4858 Moysen
774 4749 939 4840 landum
959 4765 1062 4828 auum
1083 4747 1126 4826 de
1148 4751 1300 4830 uutcdia
1324 4755 1563 4838 mrudelcnun
1584 4771 1727 4838 lucrum
1740 4757 1925 4836 indetertc
1943 4757 2107 4832 montisi
2123 4769 2194 4833 eta
