4914 6610
1309 581 1484 706 (210)

793 811 918 904 Bulla
946 809 1253 912 consecrationis
1282 812 1447 902 banau
1476 817 1667 934 Episcopi
1695 821 2005 938 Melpltictensis.

676 1039 866 1128 Nicolaus
893 1041 1042 1128 Divina
1080 1039 1287 1128 ordinante
1321 1041 1526 1129 clementia
1554 1046 1884 1166 Arclriepiscopus
1913 1053 2129 1142 Canusinae
2151 1058 2259 1140 'Ee-

563 1183 699 1268 clesiae
727 1182 791 1299 (1)
819 1181 1030 1288 Clerorum
1060 1181 1204 1271 Ordini
1232 1209 1272 1271 et
1299 1187 1409 1300 plebi
1450 1195 1674 1278 consistenti
1703 1198 1744 1278 in
1774 1193 2040 1308 Melplriatana
2070 1199 2258 1288 Civitate‘

563 1322 828 1410 dilectissimis
856 1324 994 1432 Filiis,
1023 1331 1065 1412 in
1094 1329 1273 1414 Domino
1301 1328 1489 1419 Salutem.
1517 1332 1715 1421 Convenit
1744 1368 1788 1422 ea
1818 1369 1992 1454 semper,
2021 1372 2124 1456 quae
2141 1341 2254 1430 fide-

475 1515 480 1526 .
561 1468 649 1552 liter
676 1487 942 1579 expetuntur,
971 1490 1011 1554 et
1038 1470 1319 1555 rationabiliter
1354 1476 1585 1585 perhonesta
1625 1497 1750 1584 sunt,
1779 1503 1826 1564 ut
1865 1483 2168 1597 compleantur,
2200 1510 2244 1571 et

554 1605 735 1718 plebium
763 1611 997 1728 gubernatio
1027 1610 1302 1725 praeordinato
1329 1614 1579 1701 suffulciatur
1604 1619 1784 1722 Pastore,
1819 1654 1920 1738 quae
1947 1626 2031 1707 sine
2060 1622 2129 1706 tali
2149 1655 2249 1708 am-

560 1747 752 1835 miniculo
782 1755 952 1840 titubare
979 1753 1141 1841 videtur
1168 1755 1434 1842 inoommode.
1469 1758 1594 1845 Nunc
1617 1781 1751 1846 autem
1780 1765 1975 1876 compulit
1997 1794 2069 1848 nos
2086 1765 2156 1850 illo
2177 1769 2243 1849 in-

529 1892 750 2003 spirante,
778 1903 850 2012 qui
878 1926 950 1980 nos
980 1896 1031 1982 ad
1059 1897 1449 2011 Archiepiscopatum
1479 1930 1715 2013 promovere
1743 1901 1924 2020 dignatus
1954 1926 2012 1990 est
2041 1935 2134 1991 cura
2172 1939 2243 1992 re·

557 2041 718 2152 giminis
762 2039 1038 2146 earumdem,
1077 2045 1216 2127 vestris
1253 2041 1402 2156 absque
1440 2041 1601 2129 Pastore
1637 2041 1833 2130 destitutis
1868 2043 2053 2128 Ecclesiis
2081 2046 2236 2140 salubri

555 2179 808 2294 dispositione
837 2211 1092 2289 succurrere,
1120 2204 1239 2298 atque
1267 2182 1384 2266 alacri
1413 2176 1623 2269 devotione
1633 2189 1687 2269 eis
1701 2182 1932 2269 ordinandis
1958 2185 2239 2272 accommoda·

558 2355 602 2410 re
629 2354 860 2431 assensum,
890 2329 1082 2440 quoniam
1110 2347 1206 2410 tunc
1233 2325 1335 2411 lucri
1364 2326 1620 2441 potissimum
1640 2323 1750 2439 apud
1768 2323 2029 2410 Conditorem
2044 2333 2234 2414 omnium

559 2468 815 2575 praeponitur
845 2445 1012 2569 Deum,
1042 2462 1202 2580 quaudo
1231 2468 1316 2552 loca
1344 2489 1568 2578 opportuna
1598 2466 1778 2554 ordinata
1816 2467 1868 2552 ad
1897 2469 2106 2554 meliorem
2145 2469 2235 2554 fue-

562 2605 643 2684 rint
671 2624 817 2688 statnm
846 2601 1048 2718 perducta.
1078 2605 1135 2688 Et
1162 2610 1257 2721 quia
1285 2635 1442 2722 semper
1470 2629 1565 2692 sunt
1592 2605 1874 2716 concedenda,
1913 2639 2014 2724 qnae
2062 2615 2230 2695 rationo·

552 2743 706 2830 'bilibus
734 2767 961 2863 congmunt
988 2745 1217 2834 desideriis:
1245 2751 1470 2862 petentibus
1499 2751 1612 2836 vobis
1642 2752 1831 2837 Ioannem
1860 2753 2108 2868 Episcopum
2139 2785 2238 2838 con-

565 2893 832 2995 secravimus,
862 2894 975 2976 cuius
1004 2881 1146 2977 ditioni
1173 2891 1316 2977 habere
1345 2897 1608 2979 concessimus
1638 2889 1852 2980 Civitatem
1879 2893 2108 2980 Melfi:cum
2139 2927 2229 2978 om-

549 3029 667 3116 nibus
696 3029 881 3117 Ecclesiis
907 3031 962 3115 de
991 3035 1128 3139 intus,
1156 3055 1195 3121 et
1223 3031 1275 3118 de
1303 3034 1423 3140 foris,
1453 3017 1601 3148 absque
1640 3035 1708 3118 illo
1737 3036 2005 3140 Monasterio,
2047 3042 2121 3150 qni
2158 3041 2219 3120 vi-

554 3173 672 3256 detur
700 3203 782 3258 esse
809 3172 913 3258 foras
942 3179 1024 3288 ipsa
1053 3173 1223 3262 Ciuitate
1250 3173 1312 3292 (a)
1339 3196 1379 3258 et
1408 3196 1515 3262 tenet
1551 3200 1592 3262 et
1633 3177 1815 3263 dominat
1850 3175 1971 3262 illum
2011 3207 2109 3264 cum
2141 3181 2228 3262 suis

568 3400 1398 3434 mm

568 3635 572 3640 ,
649 3543 704 3643 (1)
730 3550 914 3625 Nicolaus
939 3549 996 3624 hic
1023 3553 1211 3630 Romulauti
1237 3553 1482 3654 Protospatario
1506 3548 1664 3624 suffectus
1688 3549 1723 3620 in
1748 3546 1937 3642 Canusino,
1966 3548 2050 3664 ⁸sive
2076 3546 2224 3620 Baricnsi

545 3671 838 3775 Archiepiscopatu
864 3680 948 3776 luit,
975 3682 1033 3780 qui
1057 3683 1293 3758 Romulantes
1318 3683 1468 3756 Bisantio
1493 3691 1724 3773 successerat,
1752 3679 1803 3751 cui
1844 3667 1928 3750 inter
1961 3693 2083 3752 ceteras
2107 3677 2226 3752 suffia-

546 3833 661 3905 ganeas
686 3805 849 3878 Ecclesiae
875 3809 1147 3910 Melpbictensis
1173 3838 1238 3888 non
1264 3817 1342 3886 vcro
1368 3811 1603 3916 Melpl'aicnsis
1626 3807 1774 3882 Ecclesia
1801 3807 1980 3907 adsignata.
1998 3807 2228 3883 Nicolausve·

545 3959 585 4014 ro
610 3963 688 4011 cum
713 3933 756 4008 ad
782 3937 969 4009 temerarios
986 3937 1160 4012 Michaelis
1189 3995 1198 4014 .
1231 3995 1240 4012 .
1275 3997 1282 4013 .
1315 3995 1325 4014 .
1355 3963 1452 4013 ausus
1476 3963 1510 4012 se
1534 3962 1569 4010 se
1594 3948 1790 4034 opponeret,
1811 3934 2135 4033 Constantinopolim
2163 3931 2223 4006 de-

542 4077 817 4160 portatus,suum
842 4061 888 4134 ibi
913 4063 1003 4140 diem
1027 4063 1139 4138 clausit
1165 4079 1364 4140 extremum.
1393 4063 1499 4154 Quod
1523 4087 1607 4138 vero
1629 4065 1774 4163 sequitur
1804 4061 1995 4137 Clarorum
2014 4053 2159 4156 ordini,
2188 4075 2221 4136 et

540 4187 649 4265 Plebi
672 4195 876 4294 exscriptoris
900 4209 989 4269 certe
1016 4195 1173 4270 mendum
1200 4199 1274 4271 erit.
1296 4189 1493 4297 Legendum
1518 4191 1649 4266 fortasse
1673 4189 1954 4287 Clericorum,ni
1969 4190 2083 4290 potins
2110 4191 2224 4266 videa-

547 4327 600 4387 tur
632 4317 740 4396 Clero
767 4339 807 4397 nt
833 4339 868 4398 et
899 4323 1048 4415 Ordini,
1076 4333 1110 4394 et
1135 4321 1253 4396 Plebi.
1733 4403 1735 4410 ,

643 4443 701 4544 (a)
727 4450 829 4538 Quod
855 4475 974 4526 nomen
1001 4449 1203 4526 Monastorio
1229 4451 1348 4547 luerit,
1378 4475 1444 4524 non
1469 4449 1544 4522 salis
1568 4447 1682 4551 liquet.
1706 4445 1796 4522 Illud
1820 4459 1950 4522 lantum
1969 4446 2107 4543 didlur,
2124 4448 2221 4548 quod

543 4573 627 4666 saras
653 4575 733 4674 ipso
747 4573 902 4650 Civitate
927 4591 1020 4650 csset.
1051 4577 1138 4652 Cum
1163 4601 1244 4652 vero
1269 4579 1330 4652 tria
1353 4589 1434 4651 tunc
1458 4579 1622 4677 temporis
1643 4591 1743 4650 extra
1769 4577 1995 4676 blelphictum
2020 4577 2227 4654 monasteria

545 4714 680 4802 essent,
707 4699 829 4776 scilicet
854 4701 916 4778 Ss.
945 4700 1101 4808 Philippi
1140 4721 1177 4782 et
1201 4704 1331 4782 Iacobi
1356 4682 1492 4804 unum,
1518 4703 1564 4783 S.
1592 4701 1800 4786 Satvauru
1816 4681 1988 4801 alterurn,
2008 4704 2142 4780 tertium
2161 4701 2223 4776 dc-

1607 6040 1626 6229 l
1974 6063 2413 6496 Ra*

2390 6501 2413 6582 i
