4870 6630
1246 590 1423 710 (ωδ)

613 760 720 845 Cum
750 766 790 844 in
820 763 911 846 Mss.
940 765 1101 880 insignis
1129 759 1347 846 Canusinae
1376 758 1573 846 Ecclesiae
1601 755 1824 859 Breviario‚
1852 781 1893 842 et
1921 757 2070 845 Missuli
2094 765 2170 851 Vi-

499 908 694 986 st'tuttbm's
714 909 770 990 B.
803 906 856 991 V.
878 908 1042 990 Mariae
1071 934 1223 988 necnon
1250 925 1291 987 et
1318 902 1509 986 Officium
1539 921 1578 984 et
1615 899 1820 1010 propriam
1849 899 1885 980 S.
1915 901 2048 984 Sabini
2078 904 2174 986 cele·

500 1045 662 1128 hcrrirni
692 1051 774 1130 eius
804 1046 1000 1132 Ecclesiae
1030 1046 1218 1158 Episcopi
1248 1051 1407 1131 missam
1447 1040 1646 1160 legimus,
1684 1042 1872 1126 continuo
1917 1044 1958 1127 in
1997 1068 2172 1130 mentem

499 1192 607 1274 venit
635 1220 678 1271 ea
707 1189 771 1273 hic
799 1186 924 1272 edere.
955 1189 1189 1272 Putavimus
1216 1191 1323 1271 euim
1353 1216 1447 1270 aem
1485 1184 1658 1268 facturos
1696 1213 1777 1266 non
1813 1186 2005 1298 ingratam
2036 1185 2169 1270 Eccle

500 1336 740 1416 siasticarum
770 1363 903 1414 rerum
932 1328 1074 1414 infimi
1089 1332 1175 1414 aevi
1200 1328 1446 1412 amatoribus
1475 1347 1513 1409 et
1530 1325 1901 1437 comprovinciabus
1927 1331 2068 1409 nostris
2097 1327 2175 1410 sor·

497 1489 596 1553 tasse
625 1472 894 1584 gratissimam.
924 1467 1069 1584 aliqua
1086 1499 1193 1594 ‘vero
1221 1501 1475 1583 praemonere
1498 1469 1659 1552 iuvabit.

495 1647 526 1660 ·-
614 1607 770 1692 Notum
799 1615 962 1694 omnino
992 1631 1074 1714 est,
1103 1609 1208 1694 Clar.
1232 1609 1421 1714 Gavantp
1450 1613 1568 1692 etiam
1595 1607 1972 1709 teste‚Visitationis
2000 1607 2178 1692 Beatissi-

500 1777 587 1829 mae
616 1745 790 1862 Virginis
819 1749 964 1834 festum
994 1749 1058 1834 nel
1087 1751 1227 1834 saltem
1255 1751 1306 1836 ab
1335 1783 1437 1835 anno
1468 1745 1762 1836 MCCLXIII
1780 1750 1831 1833 ab
1871 1751 2055 1833 universo
2083 1749 2175 1832 Fra-

501 1908 609 1968 trum
647 1885 852 1973 Minonum
881 1889 1032 1974 Ordine
1061 1889 1179 1976 fuisse
1208 1893 1481 1999 celebratum5
1512 1923 1590 1975 non
1619 1921 1742 2002 aeque
1771 1920 1894 1994 reto,
1933 1890 2070 1988 saltem
2111 1921 2178 1974 no·

500 2025 581 2126 bis,
611 2047 753 2109 notum
782 2053 870 2136 est,
899 2062 948 2113 an
977 2034 1157 2116 officium
1187 2039 1397 2148 proprium
1426 2031 1478 2116 de
1506 2023 1716 2115 festivitate
1745 2031 1811 2113 illa
1833 2033 2006 2114 Minores
2030 2033 2172 2120 babue

500 2168 592 2246 rint.
622 2167 827 2252 Festivitas
858 2202 952 2254 vero
981 2172 1047 2254 illa
1077 2171 1128 2257 ad
1158 2177 1383 2260 universam
1411 2197 1609 2260 extensam
1639 2195 1696 2255 est
1726 2172 1940 2256 Ecclesiam
1963 2175 2013 2258 ab
2043 2174 2170 2260 Urba-

502 2333 551 2384 ne
575 2308 628 2391 V
619 2309 650 2390 I
665 2289 852 2392 horrendi
864 2313 1082 2396 schismatis
1101 2343 1244 2418 caussa,
1255 2345 1336 2428 quo
1355 2314 1573 2400 Christiana
1588 2315 1745 2394 societas
1761 2314 1985 2397 vexabatur.
1996 2316 2088 2400 Non
2103 2347 2166 2401 re·

502 2471 546 2522 ro
565 2473 609 2524 ea
637 2469 983 2564 repetemusjquae
1011 2455 1083 2540 bac
1111 2455 1163 2540 de
1190 2487 1235 2539 re
1263 2462 1303 2540 in
1327 2459 1623 2542 Commentario
1639 2453 2059 2567 praevt'oadtulimus3
2084 2483 2167 2548 tan-

502 2587 718 2670 tummodo
747 2589 851 2677 illud
871 2592 1026 2681 addere
1054 2599 1238 2702 iuvabit,
1266 2598 1379 2714 quod
1407 2595 1459 2680 ad
1488 2629 1573 2680 rem
1602 2623 1844 2710 praesentem
1873 2603 1976 2688 facit.
2006 2605 2175 2689 Scultt'na

495 2751 573 2835 gus
600 2757 774 2844 namque
801 2734 910 2846 apud
940 2737 1179 2822 Martenium
1208 2761 1337 2822 narrat
1366 2739 1578 2826 Urbanum
1616 2743 1759 2826 scilieet
1789 2744 1990 2830 mandasse
2002 2749 2178 2830 Domino

502 2865 617 2951 Adae
639 2873 1037 2994 Cardinalidnglt'ae
1055 2898 1096 2962 ut
1111 2884 1281 2994 officium
1297 2877 1494 2992 et'nssesti
1510 2911 1566 2963 ex
1584 2887 1790 2993 scripturis
1805 2885 2071 2997 Euangelt'ct's,
2081 2919 2177 2970 san·

369 3039 373 3064 ·
501 3023 652 3091 ctotttm
673 3013 839 3098 Petrum
860 3025 1166 3126 commentariis,
1186 3041 1224 3105 et
1241 3020 1443 3104 doctorum
1471 3023 1777 3133 approbatorum
1808 3027 2089 3107 asertionibus
2120 3025 2179 3108 di·

503 3159 626 3230 ctaret
655 3213 664 3231 .
694 3169 741 3234 .“.
774 3155 923 3242 Volent
952 3187 1101 3274 qrtoquc
1135 3157 1366 3246 Cardt'nalis
1390 3158 1602 3274 praefatus
1634 3165 1798 3274 vestigia
1833 3181 1999 3272 [rutrum
2032 3169 2172 3280 septu,

503 3313 539 3375 et
569 3292 789 3376 attendatis·
805 3299 1037 3410 Apostolt'cis
1066 3301 1243 3404 obedit-e,
1274 3285 1394 3386 iuxta
1430 3300 1632 3384 dictamen
1666 3303 1837 3383 Donn'ni
1866 3304 2179 3388 Beneventanis

510 3432 744 3536 Cmdt'nulae's
772 3435 821 3518 de
851 3436 984 3550 tffflctb
1015 3443 1054 3524 S.
1074 3422 1289 3526 Franct'sci
1309 3441 1568 3556 praedictum
1597 3441 1770 3552 (fficium
1792 3443 2175 3556 compt'lnvr't311111lo
2294 3477 2298 3486 ·

503 3573 627 3658 modo
656 3581 776 3692 igitur
805 3576 987 3664 dubitare
1015 3581 1106 3666 licet
1134 3582 1208 3665 hoc
1237 3585 1414 3667 officium
1443 3579 1547 3666 illud
1576 3586 1709 3693 ipsum
1739 3583 1964 3696 esse‚quod
1985 3589 2026 3668 in
2049 3585 2180 3668 Canu·

504 3722 591 3798 sino
620 3715 754 3800 codice
785 3719 939 3832 legitur.
969 3723 1185 3806 Huiusmet
1214 3723 1345 3807 Officii
1375 3722 1642 3838 fragmentum
1671 3725 1790 3804 etiam
1820 3721 1941 3834 (nam
1961 3723 2051 3806 folia
2077 3726 2180 3809 rnul-

503 3879 541 3938 ta
571 3855 754 3977 desunt)
782 3861 950 3976 legimus
978 3867 1020 3946 in
1048 3895 1128 3946 uno
1167 3895 1213 3946 ex
1253 3867 1416 3948 maximi
1453 3861 1669 3944 voluminis
1706 3860 2015 3946 bleurbranaceis
2045 3864 2177 3952 Libris

454 4077 460 4088 ,
503 4003 634 4082 omnis
663 4007 812 4115 generis
850 4004 1056 4089 cantilenas
1100 4004 1151 4088 ad
1180 4005 1319 4093 Officia
1363 4025 1403 4090 et
1438 4004 1576 4086 Missas
1604 4005 1842 4114 pertinentes
1871 4007 2175 4110 continentibus,

504 4169 604 4252 quos
631 4144 729 4226 olim
759 4176 832 4228 suo
860 4145 910 4227 ab
940 4146 1139 4258 Episcopo
1167 4143 1368 4233 Cardinali
1398 4143 1543 4228 Ioanne
1566 4145 1744 4254 Baptista
1773 4141 1876 4227 Cibo
1900 4205 1911 4246 ,
1950 4167 2081 4256 postea
2111 4147 2178 4230 In-

503 4289 683 4366 nocentio
727 4285 778 4372 V
772 4289 845 4372 III
872 4287 1169 4398 Melplrictensis
1208 4289 1381 4375 Ecclesia
1421 4286 1529 4370 dono
1568 4286 1744 4394 recepit,
1782 4301 1820 4364 et
1867 4281 1999 4368 adbuc
2042 4311 2186 4396 serrat,

504 4424 628 4530 Quod
657 4433 689 4510 si
720 4429 960 4516 Visitationis
989 4431 1064 4514 lroc
1092 4429 1282 4514 Officium
1311 4460 1404 4514 cum
1433 4427 1556 4510 altero
1594 4443 1751 4508 uetusto
1779 4423 1816 4505 S.
1846 4423 2071 4534 Francisci,
2100 4462 2185 4545 quo

503 4565 621 4646 etiam
651 4596 755 4651 nunc
784 4571 939 4654 Fratres
968 4573 1139 4656 minores
1168 4573 1225 4654 uti
1241 4633 1254 4676 ‚
1282 4567 1395 4656 nobis
1424 4567 1593 4654 relatum
1622 4585 1698 4668 cst,
1727 4593 1954 4682 comparare
1984 4569 2180 4678 volucrit,

502 4708 537 4789 is
588 4703 763 4818 prolecto
793 4712 964 4792 inveniet
992 4713 1102 4832 quasi
1132 4739 1256 4794 ovum
1285 4741 1364 4795 ovo
1392 4709 1521 4794 simile
1550 4742 1679 4794 unum
1711 4735 1753 4797 et
1789 4711 1960 4796 alterum
1986 4743 2076 4798 esse.
2100 4711 2177 4798 Ea·

505 4840 598 4928 dem
627 4843 785 4931 dicendi
815 4850 1033 4961 emphasis,¹
1061 4849 1199 4934 eadem
1227 4881 1359 4936 sensus
1387 4849 1599 4959 confusi0,
1636 4849 1746 4937 idem
1786 4855 1827 4938 in
1855 4853 2049 4938 ambobus
2086 4887 2174 4969 per-

502 5011 646 5102 petuus
676 4989 864 5100 rithmus,
890 4993 943 5078 ita
972 5014 1019 5078 ut
1038 5022 1128 5080 vera
1157 5021 1328 5078 narrasse
1355 4991 1580 5108 Scultingus
1611 4990 1792 5080 videatur
1821 5023 1844 5078 a
1871 4990 2070 5079 Cardinali
2091 4997 2172 5084 An·
2311 5046 2412 5272 N

2403 5375 2412 5416 l

2341 5419 2385 5468 Ι
