4914 6610
1056 475 1234 596 (¹73)

314 683 331 726 u
363 645 447 734 hilo
476 644 714 754 condidisti,
743 653 895 764 quique
924 650 1141 769 angelicam
1169 647 1428 733 substantiam
1448 640 1662 768 splendore
1677 649 1888 760 conspicuo
1903 675 1972 761 po·

293 771 329 868 ¹a
363 791 572 876 tentialiter
599 788 821 898 adornasti3
852 814 889 877 te
917 794 1113 906 supplices
1142 817 1413 904 quaesumus,
1443 810 1484 874 et
1514 817 1704 892 oramus,
1743 809 1790 872 ut
1824 793 1866 872 in
1902 792 1973 874 hac

316 969 334 1008 u
368 931 629 1018 sollemnitate
659 961 782 1044 quam
812 933 892 1044 suh
918 938 977 1016 tui
1010 936 1182 1018 nominis
1210 933 1458 1014 invocatione
1497 933 1539 1013 in
1568 930 1720 1014 honore
1749 929 1984 1046 Archangeli

312 1107 332 1149 u
375 1071 581 1160 Michaelis
608 1073 886 1188 (celebramus
910 1074 927 1188 )
959 1097 1107 1160 nostras
1137 1083 1270 1186 preces
1297 1069 1483 1156 exaudire
1503 1069 1686 1186 digneris.
1705 1070 1782 1154 Per
1801 1088 1844 1154 τε
1859 1071 1988 1156 Secre-

319 1247 338 1290 u
372 1234 409 1296 ta
428 1237 470 1297 Ε
492 1215 639 1299 Preces
663 1211 802 1327 populi
829 1220 889 1296 tui
917 1214 1076 1297 dontt'ue
1106 1215 1313 1328 dignanter
1342 1210 1516 1315 exaudi,
1546 1241 1644 1326 quas
1673 1216 1715 1296 in
1744 1209 1853 1296 culto
1892 1233 1990 1295 tem-

320 1394 337 1434 »
371 1353 429 1468 pli
458 1355 577 1442 huius
613 1353 674 1470 (a)
703 1355 757 1438 ob
788 1357 979 1438 honorem
1010 1357 1138 1438 Sancti
1169 1355 1399 1471 Archangeli
1431 1359 1491 1439 tui
1521 1353 1724 1440 Michaelis
1744 1417 1918 1438 .....
1948 1376 1988 1438 et

318 1531 336 1572 u
370 1501 423 1580 ita
453 1496 526 1582 tibi
555 1526 628 1610 pro
657 1500 742 1612 cius
769 1496 1031 1581 sollemnitate
1059 1494 1209 1580 oblatio
1239 1517 1367 1578 nostra
1398 1489 1467 1576 fiat
1496 1517 1661 1608 accepta.

440 1670 459 1712 »
498 1640 746 1752 Contestatio.
761 1635 866 1719 Vere
896 1634 1069 1749 dignum
1098 1658 1138 1718 et
1165 1641 1317 1722 iustum
1345 1647 1402 1719 ‘est
1430 1638 1680 1750 omnipotens
1698 1638 1824 1742 Deus,
1853 1643 1894 1720 in
1915 1635 1982 1723 die

318 1813 336 1854 a
364 1773 604 1861 ¹festivitatis
630 1774 860 1882 holicruae,
889 1806 972 1890 quo
1002 1780 1042 1861 in
1071 1776 1219 1862 honor.»
1249 1777 1358 1862 Beati
1404 1763 1636 1896 Archangeli
1658 1780 1861 1866 Michaelis
1880 1778 1995 1866 dedi·

321 1950 339 1992 »
377 1939 460 2001 cata
490 1922 741 2003 nominituo
773 1917 857 2002 loca
886 1923 1000 2002 sacris
1031 1940 1125 2002 suut
1153 1923 1331 2006 instituta
1360 1924 1581 2030 mysteriis,
1609 1923 1794 2006 omnium
1823 1927 1986 2010 societa-

322 2095 340 2134 u
374 2081 411 2145 te
439 2085 665 2148 sanctorum
693 2067 775 2176 ipsa
805 2059 925 2164 fides,
955 2079 1057 2174 q‘uae
1086 2057 1175 2143 illos
1204 2061 1278 2144 tihi
1307 2059 1398 2148 secit
1442 2069 1590 2148 amicos
1618 2088 1729 2163 esse,
1768 2090 1842 2172 pro
1881 2064 1995 2148 uobis

321 2263 339 2304 a,
372 2211 480 2335 apud
508 2233 548 2298 te
579 2207 689 2294 saciat
717 2197 937 2291 advocatos.
967 2200 1135 2286 Illorum
1164 2231 1306 2306 corona
1336 2225 1465 2290 nostra
1494 2204 1693 2304 silvanis,
1713 2203 1883 2285 imitatio
1921 2233 1993 2288 nos

336 2431 2006 2474 W

305 2595 408 2702 sesto
432 2585 477 2662 S.
507 2547 711 2656 Michaelis.
741 2569 821 2648 Sed
845 2571 1021 2675 quomodo
1046 2567 1291 2671 Evangelium
1316 2573 1432 2646 cidem
1458 2579 1582 2670 aptari
1608 2585 1749 2676 possit,
1777 2602 1850 2650 nan
1865 2576 1992 2675 facite

316 2716 543 2820 intelligitur.
1602 2805 1606 2812 '

415 2843 473 2945 (r)
500 2836 602 2932 Quod
627 2833 832 2936 potissimum
858 2829 1018 2926 templum
1045 2828 1213 2902 locutione
1237 2829 1300 2904 hac
1326 2828 1432 2904 tuctus
1457 2831 1579 2927 templi
1610 2830 1799 2924 indicetur,
1845 2832 1993 2926 ignorare

313 2976 441 3078 penitus
464 2967 616 3040 latemur·
644 2961 732 3036 Cum
763 2983 845 3032 vcro
871 2953 1146 3032 Mabillouianum
1171 2955 1469 3030 sacramentarium
1494 2958 1535 3030 al
1559 2957 1701 3060 aliquam
1739 2985 1780 3031 ex
1806 2957 1988 3030 Gallicanis

314 3098 469 3174 Ecclesiis
492 3105 581 3166 certe
598 3089 802 3188 pertinuerit,
822 3109 968 3184 cunique
981 3082 1101 3157 Galliis
1126 3083 1214 3155 duae
1238 3083 1404 3184 quondam
1419 3100 1524 3158 essum
1537 3086 1568 3158 in
1596 3085 1756 3159 honorem
1781 3083 1819 3158 S.
1841 3083 1993 3158 Archan-

319 3228 380 3330 geli
404 3225 478 3298 Deo
503 3219 643 3312 dicatae,
662 3213 760 3286 alnae
786 3209 906 3284 scilicet
931 3210 1067 3284 celebris
1079 3237 1118 3284 ex
1144 3211 1341 3305 teyetatione
1368 3211 1406 3286 S.
1435 3212 1607 3287 Michaelis
1622 3213 1665 3286 ab
1683 3214 1848 3286 Autbcrto
1863 3211 1991 3286 Abrin-

317 3356 403 3434 censi
427 3350 597 3450 Episcopo
623 3354 755 3438 specta,
783 3337 881 3412 altera
906 3365 925 3406 u
950 3336 1094 3438 quodam
1121 3338 1304 3414 Wollando
1330 3341 1462 3414 Coutite
1497 3340 1691 3434 aedificata,
1719 3341 1760 3412 ad
1788 3364 1888 3415 unam
1919 3354 1992 3412 tan·
2080 3431 2084 3440 ⁸

323 3499 394 3556 turn
417 3476 647 3553 Ecclesiarunt
674 3469 805 3542 missurn
831 3464 1020 3566 pertinuisse
1047 3465 1237 3540 dicendum.
1267 3468 1464 3566 Utcumque
1490 3495 1568 3540 vero
1593 3475 1649 3561 sit,
1666 3483 1820 3572 ¹utraque
1847 3468 1991 3541 Ecclesia

318 3625 426 3688 nostra
450 3607 493 3681 ab
520 3601 612 3676 Aede
637 3589 824 3696 Garganica
851 3591 1066 3666 dedicationis
1108 3594 1233 3687 initia,
1261 3606 1294 3698 et
1318 3596 1464 3688 auspicia
1492 3598 1590 3693 cepit.
1619 3596 1782 3669 Videatur
1821 3599 1848 3668 si
1886 3595 1990 3692 planat

262 3717 266 3722 .
316 3727 602 3818 Eminentissimus
626 3728 769 3824 Borgin,
799 3721 965 3792 Memoric
990 3717 1129 3792 straticho
1155 3719 1188 3791 di
1216 3721 1404 3794 Beuevcuto
1431 3721 1478 3794 T.
1508 3721 1539 3793 Ι.
1568 3719 1633 3794 Sed
1669 3746 1746 3796 cum
1786 3727 1820 3796 in
1852 3719 1987 3794 Conte-

315 3870 500 3954 stan'one,
528 3860 596 3930 sive
621 3867 713 3926 utet
752 3846 850 3919 hodic
876 3845 1015 3918 dicimus
1043 3844 1284 3948 Praefatione
1309 3849 1457 3922 dicantur
1483 3848 1587 3922 Loca
1621 3852 1824 3945 dedicata,
1861 3849 1991 3926 videtur

317 3999 417 4072 hocce
442 3990 558 4062 scstum
585 4009 646 4082 pro
671 3977 880 4054 dedicationis
905 3979 1057 4048 omnium
1082 3975 1306 4048 licclcsiarum
1333 3978 1367 4051 in
1394 3976 1555 4050 honorem
1582 3977 1620 4050 S.
1648 3975 1843 4075 Archangeli
1870 3991 1992 4050 eructa-

320 4152 417 4210 rum,
441 4118 537 4192 luisse
563 4111 780 4186 celebratum.
811 4105 927 4180 Simile
958 4104 1038 4204 quid
1069 4100 1210 4176 habetur
1235 4104 1269 4176 in
1295 4103 1465 4178 Breviorio
1492 4107 1623 4202 insignis
1647 4104 1817 4178 Ecclesiae
1845 4105 1990 4204 Lycicn-

319 4256 391 4338 sis,·
418 4248 542 4344 inquo
568 4239 649 4312 hacc
674 4234 793 4334 legitur
818 4234 933 4304 Oratio
966 4259 1035 4306 scu
1050 4231 1196 4306 Collecta
1221 4233 1255 4301 in
1282 4229 1497 4327 Apparitionc
1523 4228 1560 4300 S.
1591 4228 1763 4304 Michaelis
1795 4261 1831 4306 π
1857 4231 1896 4304 lu
1924 4231 1990 4304 lm·

319 4405 399 4455 nore
425 4371 512 4444 beati
537 4363 705 4447 Michaelis
731 4361 927 4460 Archangeli
953 4359 1024 4432 loca
1051 4360 1176 4430 nomini
1203 4371 1259 4428 tun
1284 4356 1389 4429 dicata
1416 4357 1564 4456 mystico
1591 4357 1838 4458 srcqttcntamus
1863 4361 1984 4433 officio:

320 4511 443 4607 praesta
468 4521 644 4598 quesumus
669 4491 822 4564 dominc:
849 4491 933 4561 Eius
957 4513 1014 4562 uos
1038 4485 1179 4586 gaudere
1204 4483 1367 4582 sullmgiis
1392 4486 1486 4558 cuius
1512 4481 1665 4559 sublimia
1694 4489 1809 4562 nterita
1836 4515 1983 4562 rescusc-
2045 4539 2054 4548 -

321 4656 406 4708 mus.
434 4626 499 4698 Per
527 4621 715 4695 domiuum.
