4884 6692
1060 661 1155 777 (4ι
1188 662 1206 778 i

289 840 445 928 datibus
475 836 783 948 diaconibusque
812 806 966 910 indutis
995 823 1101 919 albis
1130 827 1342 950 abbisintur
1368 829 1517 916 altaria
1556 823 1617 948 (i)
1654 831 1728 918 bec
1773 818 1978 932 camarda

294 1015 340 1076 iii.
360 982 410 1076 In
439 999 575 1066 monte
603 973 748 1062 oliveti.
769 979 804 1056 is.
835 994 1138 1087 verumptamen
1168 1006 1204 1064 ii.
1231 971 1370 1056 Tristis
1387 991 1462 1057 est
1484 975 1669 1057 animai.
1689 976 1856 1088 vigilate.
1872 1009 1977 1074 uec,-

293 1152 339 1206 ce
369 1117 556 1206 vidimus.
586 1134 620 1200 t.
650 1145 742 1204 vere
770 1116 902 1234 langii.
932 1143 967 1200 r.
996 1111 1357 1203 circumdederunt.
1388 1123 1422 1193 t.
1449 1115 1650 1229 quoniam.
1675 1118 1817 1231 quibus
1839 1114 1976 1231 finitis

297 1260 540 1347 Patriarciia
570 1288 664 1344 cuin
692 1261 832 1350 ceteris
844 1251 1053 1368 fratribus
1082 1256 1287 1342 canonicis
1314 1250 1475 1359 vadaei
1503 1255 1564 1339 ad
1575 1257 1708 1342 iocum
1721 1263 1976 1350 constitutum

296 1396 452 1483 seilicet
480 1402 525 1482 in
560 1397 801 1510 Capitulum.
832 1399 962 1513 ibique
991 1395 1043 1478 ab
1072 1391 1377 1483 beleniosinario
1406 1427 1498 1485 cum
1525 1403 1723 1490 ministris
1752 1405 1834 1485 suis
1849 1388 1988 1514 para-7

302 1544 355 1624 tis
378 1539 569 1654 pelvibus
597 1557 634 1624 et
662 1539 792 1624 linteis
821 1569 878 1624 ex
906 1567 1016 1621 more
1044 1531 1299 1621 mandatum*
1305 1541 1518 1652 peragitur
1544 1539 1745 1626 cantando
1774 1539 1850 1624 bas
1877 1545 1979 1624 anti-

296 1682 468 1793 phonas.
498 1676 738 1766 Mandatum
768 1709 932 1765 novum.
953 1683 1016 1765 Ps.
1045 1675 1211 1763 Credidi
1241 1679 1287 1762 Α.
1315 1707 1409 1762 cum
1438 1684 1608 1804 surrexit
1635 1698 1674 1764 et
1702 1699 1838 1768 ceter„
1866 1681 1980 1774 Tunc
2113 1697 2118 1706 '

295 1840 514 1941 preparato
544 1824 728 1908 &acono
767 1841 806 1906 et
834 1803 1055 1906 dabiratica
1081 1817 1220 1904 induto
1247 1819 1486 1906 subdiacono
1515 1849 1664 1937 quoque
1703 1828 1838 1908 tunicii
1866 1823 1982 1911 indu-

304 1991 344 2058 to
376 1983 419 2049 iit
447 1983 605 2056 textum
628 1981 759 2076 portet
787 1961 1066 2075 evangelicum
1091 1964 1348 2073 preeuntibus
1378 1960 1632 2046 candelabris
1661 1981 1699 2046 et
1717 1966 1889 2051 turibulo
1908 2002 1982 2054 ve·

308 2111 425 2191 niunt
453 2105 505 2191 de
533 2104 701 2190 ecclesia
729 2107 774 2186 in
808 2101 937 2187 Iocum
965 2104 1034 2184 ubi
1046 2099 1104 2214 fit
1132 2103 1382 2196 creandarum.
1411 2108 1480 2188 ubi
1486 2138 1512 2186 a
1524 2103 1767 2186 Patriamiia
1794 2107 1985 2201 diaconiis

309 2265 473 2360 accepta
499 2241 765 2327 beneib‘cti'oiie
794 2239 1038 2326 dominicum
1066 2269 1292 2325 sermonem
1318 2242 1412 2355 legii
1440 2249 1484 2326 in
1511 2245 1676 2334 modum
1718 2254 1914 2368 lecticari·
1939 2258 1983 2338 in

307 2417 407 2471 ceria
434 2383 496 2468 ad
518 2381 733 2498 discipulos
762 2382 951 2468 habitum.
980 2388 1039 2467 itii
1066 2385 1271 2494 incipiens.
1301 2380 1404 2464 Ante
1443 2379 1552 2467 diem
1586 2385 1731 2472 festum
1747 2393 1910 2482 Pasche:
1940 2433 1986 2482 ii-

308 2527 404 2612 sque
433 2493 532 2580 dum
559 2493 677 2580 dixit
690 2498 839 2613 surgite
868 2526 1005 2582 eamus
1032 2497 1134 2580 hinc
1170 2493 1215 2592 T
1207 2525 1286 2579 unc
1308 2493 1548 2607 precedente
1571 2508 1823 2612 processione
1843 2537 1982 2599 omnes

306 2635 564 2750 refectorium
591 2633 873 2751 ingrediuntur
898 2638 1167 2752 unusqzu'sque
1196 2635 1326 2721 locum
1366 2639 1485 2720 'suum
1512 2637 1643 2722 vebid
1674 2640 1773 2728 boin
1814 2651 1987 2762 prandii

308 2778 544 2895 ingreditur.
572 2779 706 2864 Facta
734 2774 1003 2861 benedictinae
1031 2808 1059 2858 a
1082 2776 1332 2889 patriarcba.
1361 2774 1599 2863 Benedictus
1627 2778 1814 2870 dominus
1842 2790 1884 2873 in
1912 2786 1985 2876 do·

246 3015 249 3024 ¹
305 2925 365 3005 nis
387 2922 484 3002 suin
512 2921 657 3002 iteium
686 2918 894 3002 Diaconus
923 2915 1016 3032 legit
1043 2913 1153 3031 quod
1175 2932 1300 2999 restat
1327 2912 1378 2998 de
1415 2947 1608 3004 sernione.
1637 2929 1851 3011 terminato
1880 2962 1982 3018 vero

307 3089 490 3150 sermone
518 3075 636 3178 atque
651 3057 775 3174 fini'to
803 3061 890 3142 sine
918 3055 984 3140 Tu
1010 3077 1143 3144 autem
1172 3084 1264 3141 cum
1293 3055 1450 3142 silentio
1479 3056 1540 3144 ad
1563 3059 1774 3146 ecclesiam
1801 3065 1982 3155 redeunt.

310 3203 439 3320 ibique
470 3197 662 3285 diaconus
690 3229 783 3282 cuin
811 3203 953 3286 ceteris
981 3201 1176 3282 ministris
1203 3203 1455 3285 vestimentis
1484 3200 1761 3328 ecciesiasticis
1798 3203 1984 3322 depositis

308 3345 352 3425 in
380 3337 639 3454 refectorium
666 3335 836 3425 redeunt
862 3357 903 3424 et
929 3343 1033 3426 sicut
1060 3344 1183 3424 ceteri
1190 3336 1360 3450 fratres
1392 3338 1534 3451 poculo
1570 3343 1751 3427 caritatis
1800 3344 1983 3463 reficiun-

311 3503 380 3570 tur
406 3481 469 3599 (2)
497 3499 536 3566 et
563 3478 658 3565 i'nde
686 3486 862 3596 regressi
887 3486 932 3566 in
960 3479 1129 3566 ecclesia
1157 3479 1302 3566 dcam.
1339 3476 1400 3565 ad
1433 3478 1737 3594 completorium
1780 3473 1990 3576 Confiteor

410 3853 468 3954 (i)
492 3851 588 3928 Ritus
614 3849 834 3946 dmndnndi,
861 3863 895 3927 et
919 3850 1050 3927 lavandi
1076 3849 1192 3926 altaris
1216 3849 1252 3922 in
1273 3849 1337 3922 fer.
1366 3847 1412 3932 V¹
1428 3848 1560 3924 Coenee
1584 3849 1709 3926 domitii
1743 3851 1987 3951 antiquissimus

310 3997 381 4076 est,
409 3987 544 4088 eiusque
570 3988 770 4060 mentionem
794 3981 874 4058 ficii
898 3979 938 4056 S.
967 3978 1124 4058 isidoris.
1154 3979 1238 4090 vid.
1268 3980 1413 4054 Manen.
1443 3979 1485 4054 de
1510 3979 1593 4052 Ant.
1611 3979 1705 4056 licit.
1721 3977 1837 4055 riubis
1860 3979 1921 4056 tib.
1944 3983 1988 4079 4..

314 4111 399 4211 Cup.
430 4138 493 4188 πα.
521 4111 566 4186 P.
599 4137 636 4213 q.

413 4237 470 4339 (α)
495 4237 678 4316 Pacuium
701 4237 897 4315 charitatis
921 4234 1046 4312 dictum
1069 4235 1167 4312 misi
1192 4235 1290 4311 tindit
1315 4237 1458 4339 Congius
1482 4237 1674 4313 convivium
1710 4264 1777 4340 quo
1802 4241 1902 4316 imici
1927 4264 1987 4324 ex-
2119 4329 2125 4342 ὓ

312 4370 493 4469 cipiantur.
521 4365 624 4441 Haud
647 4391 749 4466 porro
775 4365 908 4445 videiur
931 4363 996 4442 hac
1019 4366 1255 4469 significatione
1291 4364 1358 4442 hoc
1398 4365 1473 4443 loco
1508 4365 1736 4464 sumendum,
1775 4367 1833 4444 sed
1875 4371 1989 4476 potius

305 4513 432 4596 potum
457 4495 528 4572 viiii
553 4493 597 4568 ad
621 4493 812 4571 reficiendas
842 4483 941 4570 vires.
970 4493 1012 4568 Id
1047 4520 1130 4572 rein
1164 4497 1199 4570 iii
1232 4495 1344 4572 medio
1376 4495 1605 4599 relinquimus.
1634 4495 1674 4571 Iit
1710 4495 1889 4576 Ordimrio
1919 4499 1989 4578 ne-

309 4651 400 4702 men.
430 4621 522 4728 apud
548 4621 748 4700 Menenium
772 4621 893 4722 legitur
917 4620 989 4698 sic:
1017 4649 1099 4698 cum
1122 4649 1203 4700 vero
1228 4636 1365 4730 yutiim
1401 4625 1499 4702 inerit
1522 4623 1566 4699 cd
1588 4623 1683 4702 illum
1707 4623 1819 4704 lo'cum
1842 4624 1997 4702 tanim.

310 4762 448 4854 surgite
472 4775 601 4831 eamus
624 4751 864 4852 hinc,uirgunt
888 4747 1027 4848 dapiferi
1051 4751 1154 4821 nostri
1178 4777 1258 4827 eum
1282 4751 1409 4854 aliquot
1445 4753 1488 4830 de
1509 4754 1768 4834 subdiaconibus
1804 4768 1838 4832 et
1869 4757 1986 4832 vinum

284 4893 542 4979 praeparatum
578 4894 672 4958 exiiii
697 4875 891 4980 cipimum
929 4875 972 4951 de
1004 4871 1137 4952 cdluio
1178 4872 1309 4955 domiui
1339 4878 1620 4986 Amhiepiscopi‚
1658 4883 1808 4966 dueum
1845 4882 1987 4964 tommo

312 5005 567 5110 Aretiiepiseopo
591 5012 772 5114 primum,
799 5025 832 5092 et
855 5019 967 5116 postea
990 5004 1146 5088 omnibu
1168 5010 1228 5116 qni
1251 5011 1286 5089 in
1310 5009 1472 5116 &pitulo
1493 5025 1594 5200 sinit·6
