4914 6610
1232 531 1263 649 l·
1286 533 1364 646 174
1393 531 1411 646 )

495 759 513 799 n
545 691 631 804 esse
655 717 768 802 faciat
795 713 879 800 sine
907 735 1053 823 poena,
1082 701 1251 790 illorum
1281 703 1408 790 oratio
1437 695 1606 794 salutem
1636 697 1750 796 nohis
1770 689 1946 784 conferat
1965 700 2172 810 sempiter.

491 899 508 940 υ
543 890 645 945 uam.
675 858 752 941 Per
780 853 990 938 Christum
1017 849 1258 936 Dominum.

599 996 711 1083 lllud
738 999 858 1082 etiam
886 990 1143 1108 adiungimus
1172 990 1215 1072 iu
1245 985 1538 1099 Antiphonario
1566 983 1603 1066 St
1633 982 1820 1098 Gregorii
1848 1010 1871 1063 a
1899 977 1945 1063 B.
1964 977 2162 1072 Cardinali

486 1145 701 1228 Thomasio
730 1137 840 1252 edito
867 1135 1018 1253 (Tom.
1047 1131 1097 1218 V.
1125 1129 1256 1258 opp.)
1283 1149 1323 1214 et
1351 1127 1443 1222 Mss
1472 1124 1737 1226 Bibliothecae
1765 1122 1975 1242 Angelicae
2009 1121 2060 1208 ad
2088 1116 2158 1218 ΙΙΙ,

489 1283 566 1376 kal·
593 1283 720 1368 octob.
750 1281 839 1396 legi.

1244 1415 1412 1528 Itgfract.

606 1601 625 1642 n
658 1567 803 1683 Angeli
832 1561 1184 1651 circumdederunt
1212 1558 1352 1658 altare,
1381 1574 1420 1636 et
1448 1551 1629 1637 Christus
1646 1549 1892 1635 administrat
1916 1579 2061 1662 panem
2080 1579 2160 1638 sam

346 1751 349 1769 ·
494 1748 511 1790 n
545 1734 701 1796 ctorum
731 1730 771 1794 et
799 1709 962 1793 calicem
992 1711 1095 1792 uitae
1123 1705 1166 1794 iu
1195 1704 1466 1786 remissionem
1494 1713 1756 1806 peccatorum.
2294 1803 2301 1816 ,

1048 1851 1053 1866 ⁰
1197 1839 1270 1925 alia
1302 1839 1470 1952 Itffnact.
2398 1896 2400 1962 4

605 2027 623 2067 »
659 1985 884 2074 Multitudo
914 1985 1162 2103 Angelorum
1190 1982 1312 2069 simul
1341 1977 1679 2095 Archangelorum
1710 1975 1886 2064 Domine
1924 1974 2062 2060 laudes
2092 1978 2165 2060 tili

498 2169 516 2208 »
549 2131 742 2234 referunt,
772 2133 865 2242 quia
894 2131 1032 2212 misisti
1061 2119 1246 2238 spiritum
1275 2145 1452 2212 sanctum
1492 2145 1610 2205 tuum
1654 2119 1707 2204 ad
1735 2116 2058 2204 confirmandum
2100 2149 2167 2204 noe

494 2307 512 2346 »
545 2269 609 2354 his
638 2299 788 2381 corpus
816 2293 855 2354 et
885 2273 1116 2385 sauguinem
1145 2266 1299 2358 domini
1328 2265 1451 2346 uostri
1480 2261 1571 2346 Iesu
1599 2259 1757 2354 Christi.
1787 2259 1971 2362 Alleluia.

605 2410 793 2522 Denique
820 2440 900 2524 qua
928 2429 969 2493 et
996 2431 1141 2524 quauta
1169 2409 1206 2491 S.
1237 2403 1437 2494 Michaelis
1456 2403 1690 2520 Archangeli
1715 2423 1755 2488 et
1773 2407 1857 2494 eius
1877 2403 2065 2492 Basilicae
2084 2405 2161 2492 Dee

418 2564 421 2574 '
490 2545 697 2634 dicationis
728 2549 850 2632 festus
879 2547 965 2634 dics
993 2550 1288 2656 sollemnitate,
1317 2571 1356 2634 et
1385 2545 1553 2660 speciali
1570 2549 1786 2644 reverentia
1814 2544 1914 2630 olim
1943 2549 2049 2632 ins.
2093 2551 2171 2634 Ec.
2254 2633 2260 2642 ,

490 2688 608 2774 clesia
644 2687 861 2774 celebratus
890 2689 1011 2774 fuerit
1040 2721 1086 2774 ex
1117 2721 1165 2773 eo
1201 2721 1365 2805 quoque
1402 2688 1513 2804 argui
1553 2690 1729 2797 poterit,
1768 2683 1881 2800 qnod
1927 2691 1970 2770 iu
2016 2709 2173 2772 vetusto

488 2829 792 2946 Responsoriali
817 2851 855 2914 et
884 2831 1176 2944 Antzplwnario
1203 2831 1241 2914 S.
1269 2831 1456 2945 Gregorii
1484 2826 1612 2944 Papae
1654 2823 1817 2948 legatur:
1861 2830 1911 2914 Ιιι
1944 2827 2096 2944 Vigilia
2133 2831 2172 2914 S.

489 2969 716 3059 Metuens
746 2949 1021 3084 flachan-geli,
1060 2981 1161 3088 qu'ae
1205 2972 1361 3087 Vtgila'a
1405 2976 1446 3057 iu
1483 2972 1687 3069 thetmt
1723 2972 1755 3067 l.
1796 2972 2022 3087 Anglorum
2051 2969 2173 3085 Regis

490 3113 579 3224 lege
607 3113 785 3196 habetur.
814 3110 880 3196 Ex
909 3113 1110 3225 praedicto
1139 3144 1302 3228 quoque
1350 3113 1642 3232 Antiphonnrio
1670 3116 1708 3198 S.
1737 3113 1922 3232 Gregorii
1950 3145 1973 3196 a
2004 3119 2174 3222 BCacz

492 3251 625 3336 drirali
657 3253 872 3338 Thomasio
901 3252 1091 3340 discimus
1121 3279 1346 3340 numeratas
1365 3257 1463 3342 olim
1479 3255 1710 3342 Dominicas
1730 3256 1814 3341 dies
1839 3291 1866 3340 a
1887 3258 2007 3366 ¹Festo
2023 3257 2062 3345 S.
2084 3259 2172 3345 Mt-

492 3389 642 3478 cloelis
672 3419 800 3505 usque
829 3392 882 3479 ad
938 3393 1182 3488 Adventum.
1212 3399 1397 3512 Denique
1425 3398 1553 3514 legere
1580 3403 1656 3502 erit
1682 3397 1791 3511 apud
1820 3395 2015 3515 Congium
2046 3398 2174 3514 (roca

499 3531 663 3644 Trequa
693 3531 799 3647 Dei)
818 3533 854 3615 S.
885 3533 1122 3652 Archangeli
1151 3535 1298 3622 festum
1327 3542 1428 3624 iuter
1457 3539 1706 3628 sollemniora
1736 3542 1931 3650 habitum,
1948 3577 2077 3662 orique
2094 3577 2175 3652 miti

497 3672 603 3770 ,iiiuc
633 3669 830 3788 Treguam
860 3677 940 3782 Dei
970 3681 1116 3786 servari
1147 3701 1329 3812 oportere
1360 3679 1458 3794 olim
1487 3703 1688 3800 statutum.
1988 3667 2016 3692 ⁷
