4914 6610
1097 535 1116 652 (
1151 537 1275 652 ι67)

349 697 450 782 intra
482 704 635 787 moenia
664 704 827 787 excitata
855 695 935 786 tuit
963 720 1004 786 et
1031 705 1210 790 eiusdem
1238 699 1388 792 ordinis
1417 703 1621 794 Fratribus
1647 708 1771 816 data,
1799 737 1839 801 et
1857 747 1962 832 quae
1990 739 2029 808 ct

349 838 470 927 hodie
507 861 641 928 exstat.
669 838 797 951 Quod
834 843 867 927 si
896 838 1010 925 nulla
1038 841 1076 924 S.
1105 841 1287 930 Andreae
1322 849 1484 932 nomine
1512 848 1645 934 namn
1673 849 1794 936 fuerit
1820 857 1920 944 olim
1949 863 2027 946 Ec·

349 980 499 1085 clesia,
527 1013 652 1096 eaque
699 980 854 1067 sacculo
883 981 986 1066 XIII
1015 988 1196 1098 primum
1226 981 1458 1090 aedificata,
1497 987 1603 1072 illud
1639 996 1830 1105 consequi
1866 995 2029 1084 videtur

357 1122 538 1208 laciniam
566 1121 762 1208 adventus
791 1121 940 1210 Gelasii
967 1127 1010 1210 in
1041 1125 1250 1239 Apuliam,
1278 1149 1318 1209 et
1345 1111 1604 1215 dedicationis
1633 1125 1831 1220 Ecclesiae
1862 1130 2029 1248 abipso

350 1285 539 1377 peractae,
558 1263 718 1348 saeculo
739 1261 845 1374 XIII
865 1262 929 1346 vel
949 1264 1100 1350 tardius
1119 1269 1237 1350 etiam
1253 1267 1445 1354 adsutum.
1461 1271 1539 1358 Sed
1556 1273 1623 1357 alii
1642 1271 1838 1360 doctiores
1857 1277 2029 1366 videant.

464 1405 666 1516 Quoniam
695 1431 791 1487 vero
816 1406 1018 1489 occasione
1047 1404 1238 1492 Basilicas
1267 1409 1306 1491 S.
1335 1411 1537 1498 Michaelis
1555 1411 1609 1498 ad
1630 1415 1669 1499 S.
1684 1417 1902 1534 Rogerium
1921 1423 2025 1510 Can·

359 1575 519 1632 oensem
550 1544 798 1657 Episcopum
828 1541 1039 1658 Barolique
1066 1549 1306 1654 Patronum,
1330 1571 1371 1634 et
1398 1551 1644 1640 Richardum
1653 1554 1828 1643 Andriae
1854 1561 2022 1676 Episco-

352 1715 484 1798 pum,
513 1706 553 1769 et
582 1687 799 1771 Patronum
828 1685 1075 1792 devenimus,
1105 1688 1218 1775 liceat
1234 1691 1367 1806 aliqua
1395 1689 1447 1776 de
1474 1696 1522 1778 iis
1550 1693 1724 1800 adferre,
1753 1728 1834 1784 non
1861 1731 1908 1786 ea
1929 1707 2019 1815 qui-

351 1827 446 1912 dem
477 1855 580 1945 quae
612 1829 670 1913 Se
698 1825 991 1942 Episcoporum
1020 1823 1289 1934 existentiam,
1327 1852 1367 1916 et
1413 1823 1572 1916 cultum
1610 1833 1781 1942 feriant,
1819 1839 1891 1926 sed
1919 1873 2023 1957 quae

350 1991 540 2076 aetatem,
568 1999 648 2084 qua
678 1967 739 2052 illi
780 1967 1016 2071 floruerint,
1054 1970 1198 2054 melius
1225 1969 1484 2056 statuendam
1521 1973 1699 2060 oortferre
1741 1975 1938 2092 poterunt.
1970 1985 2027 2067 Et

351 2116 531 2224 primum
565 2109 867 2224 supralaudatus
895 2111 938 2195 P.
968 2109 1187 2223 Eleplrante
1215 2112 1356 2224 plura,
1389 2135 1427 2197 et
1454 2114 1680 2202 (lectissima
1708 2119 1760 2205 de
1787 2120 1825 2204 S.
1854 2122 2025 2246 cheric

352 2254 577 2368 congessit,
605 2279 729 2362 quem
757 2247 871 2334 nullo
900 2249 1088 2338 modos.
1117 2249 1266 2335 Gelasii
1295 2257 1541 2368 temporibus
1571 2259 1695 2344 tribui
1725 2291 1857 2373 posse,
1876 2265 2020 2378 probat

352 2390 420 2474 vel
446 2394 495 2474 etr
525 2421 573 2480 eo
600 2394 744 2497 etiam,
770 2389 883 2504 quod
911 2387 1014 2473 Clar.
1043 2388 1324 2480 Assemannus·
1345 2395 1570 2484 ohservavit
1604 2428 1750 2486 nomen
1786 2407 1921 2516 ipsum
1949 2403 2027 2490 tta
2151 2379 2156 2388 ⁸

344 2910 440 3007 nisus
463 2927 673 3018 landramno
698 2924 948 3018 Baralraadur
972 2923 1007 2996 in
1032 2923 1261 3000 Additiouibus
1285 2927 1449 3003 civitatem
1474 2927 1676 3027 praedictam
1708 2934 1742 3006 in
1767 2931 1837 3006 dies
1870 2934 2015 3008 deficem

345 3061 474 3132 dixerit.
504 3056 700 3130 Ceterume
728 3051 870 3126 Cedula
895 3057 1096 3127 taxationis
1114 3053 1158 3126 de
1182 3053 1430 3130 distributione
1454 3082 1571 3132 trouuc
1595 3059 1829 3134 denariorum
1847 3074 2015 3160 monetae

346 3189 456 3262 siclae
481 3183 685 3258 Brutulusii
707 3179 977 3286 distribuendae
1008 3185 1049 3253 in
1084 3177 1325 3290 infrascriptis
1348 3181 1450 3256 terris
1475 3197 1540 3258 etc.
1568 3211 1673 3284 quarn
1691 3186 1786 3282 'apud
1812 3185 1865 3259 Cl.
1891 3189 2018 3286 Forge-

347 3316 431 3386 sium
456 3312 595 3411 legimus
619 3309 820 3410 (dissertae.
848 3307 928 3382 sulla
952 3293 1093 3382 soconda
1118 3304 1242 3406 nroglie
1279 3305 1333 3381 del
1357 3307 1408 3380 Rc
1433 3309 1630 3410 llIaulredi)
1655 3313 1724 3384 erui
1767 3313 1861 3388 facile
1894 3317 2015 3415 poterit

347 3439 475 3515 merulo
499 3439 592 3513 XIII
619 3439 662 3512 ad
688 3437 968 3545 finem'sergente
1003 3435 1036 3504 iu
1071 3434 1242 3531 provincia
1267 3433 1464 3526 Peucetiae,
1493 3435 1606 3510 Barcli
1632 3463 1712 3536 prae
1738 3440 1853 3512 ceteris
1878 3437 2025 3514 urbibus

344 3557 601 3668 frequentiorem
625 3565 724 3641 luisse
749 3562 905 3663 populum
929 3617 939 3654 ,
967 3575 1038 3636 turn
1066 3559 1184 3635 deinde
1208 3560 1272 3635 hoc
1297 3561 1430 3659 ordine,
1459 3563 1598 3668 Bytunti
1614 3547 1630 3656 ,¹
1652 3563 1779 3659 Treui,
1804 3567 1915 3660 ilarii,
1935 3565 2013 3638 Mc·

346 3695 487 3794 nopolis,
507 3689 677 3790 Melplricti
702 3704 765 3764 etc.
794 3705 830 3763 ut
855 3699 929 3760 sunt
952 3713 1034 3763 vero
1059 3713 1111 3764 res
1136 3689 1325 3783 humanae,
1347 3687 1429 3763 alius
1453 3702 1502 3762 est
1525 3691 1607 3764 crdo
1625 3689 1750 3784 hodie,
1770 3706 1805 3765 ut
1818 3691 1928 3788 primo
1953 3689 2017 3762 Be-

342 3823 459 3912 rium,
487 3816 605 3892 deinde
631 3815 816 3892 Illclfictum
841 3830 913 3894 tum
938 3818 1150 3919 Bytuutum,
1177 3817 1369 3915 Barulum,
1395 3817 1597 3917 Monopclis.
1626 3819 1796 3895 Haerere
1821 3818 2007 3910 occasione,

343 3946 581 4020 dubinrtionem
606 3970 742 4020 ornnem
766 3959 913 4020 avertere
937 3945 1063 4020 iuvabit
1089 3947 1123 4019 in
1148 3973 1250 4047 quarn
1267 3971 1307 4021 ex
1342 3972 1454 4022 errore
1471 3947 1656 4021 inciderunt
1675 3945 1880 4020 Benedictini
1898 3945 2016 4020 doctis-

339 4076 419 4148 simi
441 4069 586 4168 Patres,
630 4075 688 4176 qui
730 4073 766 4146 iu
807 4071 966 4148 Auctariis
1007 4071 1051 4147 ad
1088 4075 1251 4175 Caugium
1293 4101 1372 4150 voce
1414 4075 1650 4166 Barclaaur,
1687 4085 1762 4172 post
1793 4073 1930 4146 recitata
1970 4099 2013 4148 ex

343 4199 527 4302 trampus
552 4201 639 4302 apud
662 4199 861 4295 Baletium,
888 4199 968 4278 haec
993 4202 1094 4278 verba
1117 4209 1154 4270 aa
1177 4201 1283 4276 Inter
1306 4229 1394 4304 quos
1421 4198 1653 4301 (regnicolas)
1680 4200 1833 4299 paridam
1850 4197 2013 4274 Barolu-

349 4353 418 4406 aus
438 4335 636 4428 praecipue
660 4335 804 4403 neeriae
834 4328 1054 4406 Genaoliaus
1077 4333 1124 4408 de
1147 4329 1285 4407 Murra
1305 4388 1316 4425 ,
1343 4334 1444 4404 cauus
1465 4332 1717 4430 progenitores
1747 4327 1792 4402 de
1828 4329 2009 4404 montibus

343 4453 565 4556 Amelplriae
588 4468 784 4529 traxerunt
807 4459 982 4556 originem
1002 4512 1014 4554 ,
1041 4457 1095 4530 ad
1114 4471 1300 4534 tractatus
1323 4483 1443 4532 rerum
1460 4458 1736 4531 dcewstiearum
1751 4461 1930 4555 regalium
1943 4457 2014 4558 fa-

341 4579 497 4657 miliaria
522 4580 725 4663 admittitur
748 4597 784 4645 =
815 4579 879 4655 hoc
903 4581 1075 4656 aduolant:
1103 4582 1167 4656 Aa
1192 4585 1286 4660 idem
1311 4585 1377 4682 qui
1398 4580 1500 4688 infra
1524 4582 1793 4659 Barcnettur?
1832 4583 1909 4656 Non
1940 4581 2003 4652 uti·

345 4735 411 4811 que
441 4705 641 4784 Gcnzolinus
665 4707 888 4785 Bareaettus
927 4708 985 4782 sed
1018 4707 1262 4783 Barolitanus
1298 4707 1379 4784 civis
1418 4720 1514 4807 gente
1551 4737 1594 4786 ex
1632 4707 1749 4786 illustri
1785 4705 2016 4784 Baralitana

339 4837 536 4936 quondam,
564 4837 658 4911 cuius
683 4849 892 4914 monumenta
918 4839 1101 4910 etiamnum
1126 4834 1238 4910 Beroli
1263 4849 1400 4910 exstant.
1450 4879 1453 4884 Δ
