4870 6630
1116 547 1264 666 (93)

349 736 449 818 mari
463 731 656 844 poterit,
684 721 800 842 quod
828 727 962 810 non'e
990 721 1150 808 Patrino
1178 739 1364 822 tantum,
1392 737 1434 805 et
1460 717 1642 826 Matrica,
1670 720 1742 806 sed
1779 753 1802 806 a
1829 725 2038 812 Sacerdote

257 889 263 899 ·
348 875 502 975 etianr3
539 892 580 954 et
623 870 675 953 ab
711 865 899 952 omnibus
936 861 1186 950 adstantibus
1214 856 1437 946 Ecclesiam
1463 857 1611 965 Christi
1658 870 2036 975 repraesentantibus

341 1011 585 1120 symbolum
615 1031 655 1092 et
683 1007 824 1094 Oratio
851 1005 1064 1090 Dominica
1093 999 1298 1119 aliquibus
1335 1004 1378 1088 in
1406 999 1531 1108 Mss,
1573 1023 1614 1087 et
1652 1010 1824 1092 maxime
1853 1007 2035 1117 Lyciensi

353 1151 505 1236 Ordine
535 1155 689 1237 recitari
718 1150 988 1266 praecipiatur.
1913 1135 1920 1154 ’

466 1295 581 1382 Alter
609 1323 708 1378 uero
735 1297 836 1379 ritus
863 1312 1090 1380 nostrarum
1118 1287 1391 1376 Ecclesiamm
1417 1289 1461 1374 in
1489 1287 1681 1404 Baptismi
1703 1289 2036 1382 administratione

355 1432 564 1545 peculiaris
592 1433 660 1519 ille
690 1429 853 1518 videtur
881 1431 993 1549 (nee
1019 1433 1130 1517 enim
1159 1427 1254 1516 alibi
1296 1425 1527 1546 legimus),
1556 1433 1629 1546 qui
1666 1434 1709 1518 in
1736 1431 1935 1520 Genuum
1957 1435 2036 1522 ba-

355 1576 492 1678 betur,
521 1607 605 1691 quo
634 1571 773 1660 infanti
801 1573 918 1658 humi
945 1575 1106 1686 posito,
1135 1591 1175 1654 et
1203 1571 1424 1684 praeposita
1450 1575 1489 1656 ei
1516 1567 1711 1658 Crucifixi
1738 1573 1791 1658 D.
1818 1571 1869 1656 N.
1897 1576 2035 1692 imagi

355 1743 404 1797 ne
431 1743 453 1795 a
482 1709 692 1798 Sacerdote
721 1709 876 1797 dicatur
905 1733 966 1797 ter
994 1709 1153 1815 adora,
1182 1730 1324 1826 terque
1352 1713 1473 1796 etiam
1511 1713 1548 1796 ei
1576 1709 1863 1826 respondeatur
1899 1712 2032 1798 adoro.

358 1856 404 1938 In
435 1853 619 1966 Lyciensi
649 1884 745 1940 vero
773 1851 928 1939 Ordine
955 1848 1104 1938 dicitur
1118 1869 1160 1931 Ξ
1184 1845 1343 1938 Deinde
1370 1879 1521 1966 ponens
1551 1880 1727 1966 puerum
1765 1856 1807 1938 in
1834 1856 2033 1967 pavimen·

361 2028 379 2070 r
413 2017 455 2080 to
484 1995 590 2082 dicat
619 1999 844 2095 Donunum
874 1997 1012 2080 Deum
1041 2011 1153 2077 tuum
1181 1989 1371 2077 adorabis
1399 2023 1410 2076 ι
1450 2007 1488 2075 ct
1523 1991 1586 2078 itti
1611 1991 1686 2078 soli
1716 1998 1948 2079 servies:
1981 1999 2037 2082 Si-

359 2139 452 2225 mile
481 2137 677 2253 quiddam
704 2137 864 2223 Rituale
892 2135 1121 2221 Romanum
1149 2129 1392 2219 hodiernum
1418 2131 1563 2236 hahet,
1600 2154 1643 2218 et
1673 2130 1788 2247 quod
1828 2132 1880 2218 ad
1909 2165 2039 2219 unum

353 2301 391 2361 et
417 2280 588 2362 alterum
615 2281 744 2364 ritum
771 2277 824 2364 de
851 2277 1001 2393 quibus
1029 2305 1148 2390 supra
1182 2251 1325 2362 ¹referri
1360 2276 1538 2388 poterit,
1572 2306 1667 2362 cum
1704 2274 1757 2362 de
1787 2275 2037 2363 Adulterum

351 2419 554 2533 Baptismo
583 2449 729 2538 agens,
757 2421 833 2505 hoe
861 2413 1087 2504 faciendum
1115 2436 1251 2500 monet
1268 2428 1314 2496 :t
1354 2413 1413 2501 Et
1439 2416 1636 2528 ingressus
1668 2415 1746 2532 (in
1775 2413 2031 2530 Ecclesiam)

358 2598 378 2640 »
411 2561 574 2647 Electus
601 2559 830 2676 procumbit
858 2589 928 2644 seu
956 2559 1169 2672 prosternit
1197 2582 1239 2637 se
1266 2560 1309 2642 in
1335 2559 1565 2672 pavimento
1591 2577 1633 2646 et
1659 2553 1797 2644 adorat
1823 2578 1865 2640 ε

467 2698 655 2814 Cumque
682 2695 735 2784 ad
754 2699 988 2810 Lyciensem
1017 2695 1231 2783 ordinent
1243 2703 1493 2806 evaserimus,
1521 2703 1855 2816 operaepretium
1873 2699 2035 2800 eritad-

277 2853 278 2858 '
356 2845 472 2950 dere,
503 2839 724 2928 formulam
751 2839 943 2954 Baptismi
958 2839 1086 2926 veluti
1114 2871 1163 2925 ex
1191 2841 1364 2953 abrupto
1390 2841 1565 2954 incipere
1581 2843 1694 2926 sic=t
1721 2841 1842 2958 Signo
1862 2859 1901 2924 te
1917 2843 2030 2956 signo

356 2989 493 3072 Crucis
523 2985 613 3082 †in
633 2985 793 3068 nomine
811 2983 937 3068 Patris
956 3001 997 3066 et
1014 2978 1109 3064 Filii
1134 3000 1175 3063 ct
1193 2983 1363 3097 Spiritus
1381 2982 1511 3070 Sancti
1529 3004 1572 3068 :t
1595 2982 1704 3069 Tum
1733 2981 1909 3102 denique
1939 3017 2034 3072 cum
2159 2997 2164 3002 “

340 3132 533 3242 proxime
562 3148 621 3212 cst
649 3127 871 3238 baptismus
899 3119 1188 3212 ministrandus
1224 3127 1426 3238 sequeutia
1462 3121 1661 3210 Rubricae
1697 3128 1858 3212 nomine
1896 3125 2034 3242 legun-

353 3291 429 3353 tur
445 3283 487 3361 :t
510 3267 585 3350 His
614 3268 781 3380 peractis
809 3260 967 3348 accedat
994 3259 1183 3346 Sacerdos
1210 3259 1262 3352 ed
1292 3259 1462 3350 Fontem
1481 3261 1788 3378 Baptismalcm,
1807 3265 1874 3353 vel
1893 3270 2030 3381 potius

357 3451 377 3494 n
409 3409 633 3500 seeundum
669 3402 998 3494 consuetudinem
1028 3402 1192 3491 civitais
1230 3393 1465 3517 Lyciensis,
1500 3425 1705 3520 praeparet
1743 3429 2030 3494 sacramentum

356 3591 374 3636 r
406 3557 573 3639 misoem
602 3543 826 3665 ampullam
853 3573 979 3660 aquae
1008 3543 1253 3660 baptismalis
1280 3577 1377 3633 curn
1405 3577 1507 3660 aqua
1538 3545 1663 3634 calida
1677 3550 1721 3634 in
1741 3547 1902 3635 vasculo
1916 3581 2034 3638 mun

360 3731 378 3774 n
410 3693 544 3798 dead
571 3694 647 3778 hoc
675 3715 903 3808 praeparato
931 3706 974 3772 =
1004 3689 1190 3806 Denique
1217 3714 1403 3777 monetur·
1422 3709 1465 3771 ε
1492 3687 1679 3778 Sacerdos
1706 3692 1939 3807 immergat,
1967 3690 2033 3776 vel

355 3829 537 3918 infundat
551 3857 657 3938 eum,
675 3832 740 3919 vel
767 3831 906 3918 saltem
936 3851 1055 3946 caput
1082 3834 1167 3916 eius
1195 3839 1237 3918 in
1266 3864 1370 3950 aqua
1398 3837 1480 3947 ipsa
1499 3833 1740 3946 baptismatis
1768 3821 1941 3920 dicendo
1960 3855 2032 3920 etc.

352 3996 393 4060 ε
416 3974 468 4060 Id
496 3973 608 4090 quod
635 4004 727 4060 sane
744 3973 892 4061 indicat
918 3979 1033 4060 initio
1060 3971 1205 4060 saeculi
1233 3975 1346 4060 XVI.
1374 4007 1455 4060 non
1472 3979 1637 4062 omnino
1663 3977 1819 4090 pmxim
1845 3973 2033 4088 baptismi

334 4145 421 4226 ¹per
458 4116 756 4201 immersionem
794 4115 995 4203 abolitam.
1022 4111 1235 4205 Videndus
1263 4120 1413 4204 Doctit
1440 4118 1657 4204 Menenius
1686 4114 1738 4205 de
1755 4115 1890 4230 Antiq.
1918 4112 2029 4199 Eccl.

348 4253 430 4338 Rit.
469 4252 539 4340 lib.
568 4253 599 4337 l.
1344 4295 1346 4338 2

467 4396 656 4514 Sequitur
683 4394 797 4483 Ordo
824 4399 1070 4488 Saommenti'
1089 4379 1338 4490 Matrimonii
1357 4466 1369 4509 ,
1388 4405 1459 4517 qui
1479 4401 1586 4488 hunc
1603 4400 1721 4486 habet
1740 4395 1961 4515 praefixum
1984 4403 2032 4483 ti·

349 4539 540 4626 tulum:
558 4541 788 4628 Benedictio
808 4541 954 4654 Spomi
973 4559 1011 4629 et
1032 4543 1235 4660 Sponte:
1250 4608 1261 4650 ,
1276 4573 1453 4658 eumque
1478 4546 1604 4628 etiem
1624 4563 1791 4628 exantca
1814 4539 2027 4627 dictoMis-

359 4679 428 4764 sali
456 4681 656 4766 Canusino
683 4684 969 4795 exscripsimus
984 4677 1188 4769 Addimus
1214 4691 1334 4769 etium
1362 4685 1492 4800 aliqua
1521 4717 1544 4770 e
1573 4684 1711 4769 Missa
1739 4682 1799 4767 ud
1832 4707 2027 4795 sponsam

353 4821 694 4945 benedicendam,
723 4854 825 4940 quae
843 4826 885 4908 in
903 4821 1054 4908 Missali
1081 4823 1259 4909 Manuali
1287 4829 1448 4942 insignis
1462 4825 1657 4944 Ecclesiae
1675 4824 1912 4910 Ruhastinae
1942 4818 2025 4901 fere

349 4963 429 5050 Ouo
460 4963 694 5083 anlegitur3
723 4989 810 5053 tum
839 4985 880 5050 et
909 4965 1065 5051 notulas
1093 4965 1242 5082 aliquas
1270 4967 1514 5056 'subiicimus
