4870 6630
258 803 491 890 munionem
519 795 595 882 SS.
624 791 816 907 Corporis
844 783 991 878 Christi
1018 781 1252 904 praecedat,
1288 785 1330 870 in
1372 781 1494 870 altero
1525 811 1620 869 vero
1648 781 1932 900 subsequatur,

258 939 372 1026 facile
399 941 490 1054 quis
504 939 547 1022 in
561 937 825 1048 suspicionem
841 931 973 1016 veniet
1000 931 1181 1040 primum
1199 922 1322 1010 altero
1341 928 1625 1038 antiquiorem,
1653 925 1854 1040 illumque
1884 931 1938 1014 ad

257 1102 410 1166 ueteres
439 1105 569 1164 mores
597 1096 637 1160 et
666 1070 915 1184 disciplinam
944 1069 1327 1178 Hierosolymitanae
1355 1065 1553 1150 Ecclesiae
1597 1071 1858 1180 pertinuisse,
1886 1069 1942 1155 al-

259 1241 392 1306 terum
424 1216 476 1302 ad
506 1243 684 1319 novam,
712 1209 764 1297 de
792 1209 941 1326 quibus
976 1207 1164 1323 frequens
1200 1211 1243 1294 in
1273 1205 1420 1292 Codice
1457 1210 1608 1294 mentio
1651 1207 1829 1296 habetur.
1857 1205 1939 1303 Sed

259 1361 384 1448 modo
412 1356 566 1470 reliqua
594 1351 811 1438 videamus
843 1348 893 1433 In
920 1350 1056 1463 primo
1085 1345 1338 1433 unctionibus
1367 1349 1548 1462 quinque
1584 1373 1773 1434 sensuum
1810 1350 1931 1437 altera

258 1497 412 1612 pedum
440 1494 700 1610 adiungitur3
726 1495 770 1578 in
805 1488 930 1574 altero
967 1516 1049 1572 non
1088 1486 1184 1574 haec
1221 1506 1377 1571 tantum
1415 1485 1485 1572 sed
1522 1491 1642 1574 etiam
1678 1495 1845 1604 septima
1882 1489 1944 1576 ad

257 1637 492 1721 umbilicum
520 1630 712 1734 additur,
740 1650 781 1712 et
810 1657 905 1714 cum
933 1625 1107 1714 formula
1136 1626 1335 1745 qra'dqut'd
1353 1630 1535 1740 peccasti
1571 1657 1648 1740 per
1674 1633 1863 1722 ardorem
1889 1632 1938 1716 li·

258 1771 416 1857 bidaa‘s.
446 1771 641 1880 Quamvis
670 1798 768 1854 vero
795 1771 933 1855 unctio
959 1763 1012 1852 ad
1040 1768 1280 1854 umbilicum
1326 1768 1528 1884 aliquibus
1567 1787 1725 1856 tantum
1763 1778 1935 1890 antiquis

257 1920 301 2000 in
330 1910 539 1997 ordinibus
568 1912 832 2027 legatur,non
861 1929 992 1992 tamen
1019 1937 1063 1991 ca
1092 1937 1245 2012 caussa,
1272 1939 1376 2023 quae
1410 1913 1454 1994 in
1482 1907 1845 2022 Hierusolymitano
1873 1944 1941 1999 ex·

258 2057 479 2172 primitur,
507 2051 577 2138 sed
612 2051 802 2154 fortasse,
831 2046 943 2164 quod
971 2046 1186 2163 umbilicus
1215 2048 1340 2134 ueluti
1368 2071 1550 2134 centrum
1577 2050 1750 2136 hominis
1783 2051 1940 2140 habitus

258 2199 320 2282 sit.
338 2191 475 2276 Multis
484 2193 703 2304 quoqoein
714 2185 922 2274 ordinibus
941 2192 1075 2275 unctio
1084 2189 1360 2299 praescribitur
1378 2194 1423 2272 in
1437 2189 1521 2276 beo
1533 2193 1602 2276 ubi
1613 2195 1798 2278 maxime
1818 2191 1938 2296 dolet,

258 2353 297 2418 et
324 2339 366 2418 in
394 2335 560 2446 antiquo
587 2327 811 2416 Pontificali
839 2328 1111 2417 cameracensi
1137 2325 1250 2441 apud
1277 2329 1520 2416 Montanium
1538 2329 1783 2418 inmaturo
1802 2361 1874 2416 sau
1892 2337 1938 2422 in

256 2474 344 2563 loco
372 2473 441 2558 ubi
467 2469 642 2586 anplius
670 2469 783 2558 dalet.
811 2469 989 2558 Tantum
1016 2471 1058 2554 in
1086 2467 1179 2554 Mso.
1208 2463 1428 2556 Pontificali
1456 2471 1618 2586 insignis
1647 2471 1843 2557 Ecclesiae
1871 2471 1925 2555 A·
2002 2581 2005 2588 ,

263 2615 474 2734 pamiensis
502 2615 546 2698 in
573 2609 685 2720 Syria
713 2610 853 2698 eadem
882 2641 983 2724 pene
1009 2630 1134 2698 aetate
1161 2600 1309 2743 scripto
1345 2639 1425 2728 qua
1463 2611 1753 2728 autographum
1780 2609 1933 2696 Baroli·

257 2760 346 2876 tani
369 2749 547 2876 Codicis,
576 2749 685 2865 apud
714 2753 956 2842 Murmuium
985 2750 1168 2840 eamdem
1186 2747 1427 2851 ,tinctionem
1440 2751 1624 2870 legimus,
1642 2751 1792 2837 adiecto
1806 2756 1929 2838 etiam

259 2895 398 2984 eadem
425 2889 599 2978 formula
627 2889 826 3007 quidqaa'd
842 2897 1023 3006 peccasti
1042 2897 1346 3007 persuaderem
1382 2893 1568 2982 libidinis.
1597 2891 1721 3002 Quod
1756 2898 1790 2980 si
1825 2923 1937 2984 vaca

256 3057 319 3122 ret
347 3035 463 3146 plura
493 3061 514 3114 a
545 3029 660 3116 nobis
687 3029 853 3116 dicenda
882 3054 1028 3134 essent,
1056 3014 1299 3135 etsmaxime
1326 3035 1380 3122 de
1405 3055 1586 3148 tempore
1613 3063 1697 3150 quo
1723 3036 1860 3120 unctio
1876 3062 1932 3116 sa-

259 3207 324 3269 cra
356 3197 445 3292 post
473 3171 651 3258 divinam
681 3171 870 3286 Corporis
898 3175 1045 3262 Christi
1077 3174 1409 3264 'communionem
1447 3171 1534 3258 dari
1572 3195 1740 3286 coepta,
1786 3200 1940 3257 necnon

257 3315 309 3402 dc
339 3311 512 3400 formula
540 3311 799 3398 absolutionis
827 3314 1105 3428 deprecatoria.
1134 3317 1177 3402 Si
1205 3319 1296 3432 quis
1325 3345 1420 3402 vero
1448 3319 1644 3400 oratrbnes
1673 3317 1714 3397 in
1733 3342 1838 3397 secra
1858 3342 1931 3398 un·

135 3515 138 3520 -
258 3462 384 3543 ctione
412 3457 587 3570 quaein
615 3453 842 3538 Barolitano
870 3454 1005 3546 codiee
1032 3455 1260 3544 iudicantur
1288 3479 1476 3561 tuntum,
1505 3461 1676 3572 integras
1704 3452 1835 3570 legere
1863 3481 1934 3538 vo·

255 3595 394 3699 luerit,
424 3599 457 3678 is
485 3593 663 3678 consulat
691 3593 1187 3682 Dotninumxlllartenium
1216 3599 1280 3682 De
1308 3602 1481 3713 antiquis
1517 3593 1714 3680 Ecclesiae
1742 3598 1804 3678 rit.
1819 3589 1866 3678 T.
1896 3593 1928 3678 Ι.

257 3735 329 3820 ubi
357 3737 456 3818 varii
487 3731 659 3818 Ordines
686 3731 738 3816 ad
766 3731 1002 3848 ungendum
1031 3731 1244 3850 infirmum
1274 3739 1456 3822 inueniet.

369 3873 477 3958 Curn
508 3901 602 3957 vero
629 3873 682 3959 ad
698 3871 920 3982 infirmos,
953 3897 995 3959 et
1023 3881 1145 3960 morti
1183 3880 1387 3988 proximos
1424 3873 1701 3966 devenerimus
1747 3895 1935 3990 opportu-

255 4041 356 4134 num
383 4015 457 4097 erit
475 4012 757 4126 Praeceptum,
776 4015 860 4098 sive
886 4014 1089 4098 Statutum
1109 4012 1294 4098 Willemi
1311 4015 1553 4100 Putriarclroe
1581 4015 1633 4099 de
1652 4005 1944 4106 defunctorum

142 4188 145 4196 ·
258 4153 476 4268 obsequiis,
504 4156 617 4258 sive,
645 4175 691 4240 ut
719 4151 839 4243 hodie
867 4151 1050 4260 dicimus,
1079 4157 1274 4270 exsequiis
1303 4156 1544 4268 respicientia
1584 4153 1648 4240 lrio
1686 4151 1823 4263 edere,
1862 4174 1934 4242 cst·

259 4321 338 4410 que
367 4292 450 4376 boc.
