4870 6630
957 688 974 806 i
1003 687 1052 774 81
1087 689 1104 806 )

226 865 392 984 quidem
421 863 473 951 de
500 860 637 948 ceteris
666 857 838 965 scribers
866 855 987 966 facit,
1029 863 1084 945 ita
1113 877 1161 943 ut
1189 857 1365 946 dubitari
1393 863 1461 946 vix
1489 861 1604 948 liceat
1622 863 1819 956 Historiae
1839 875 1911 958 hu-

222 1009 398 1098 iusmodi
443 1011 676 1119 scriptorem
722 1025 763 1088 et
804 999 1050 1090 Boamundo
1098 1001 1349 1110 subditum,
1399 1025 1440 1088 et
1486 1035 1535 1088 ex
1581 1006 1713 1122 aliqua
1762 1007 1909 1096 Civita-

231 1177 324 1238 tum
349 1147 576 1235 Boamundi
604 1146 773 1258 imperio
801 1145 1068 1232 subiectarum
1103 1148 1232 1234 fuisse.
1260 1145 1385 1253 Quod
1413 1153 1445 1234 si
1480 1155 1565 1256 cui,
1585 1173 1734 1265 quanta
1764 1177 1911 1266 quanta

228 1314 315 1398 est,
347 1290 565 1374 Historiam
594 1284 723 1400 legere
752 1288 937 1372 attentius
966 1289 1148 1408 placeat,
1175 1297 1210 1377 is
1237 1292 1415 1406 profecto
1442 1293 1665 1382 adverteret
1692 1294 1805 1379 illam
1824 1329 1910 1409 per-

230 1455 392 1549 petuam
419 1462 501 1518 esse
529 1425 758 1518 Boamundi
786 1427 1077 1540 laudationem,
1106 1454 1146 1517 et
1174 1431 1289 1519 inid
1317 1439 1529 1550 praecipue
1547 1435 1765 1524 Auctorem
1780 1441 1905 1525 inten-

225 1569 355 1682 disse,
384 1594 431 1658 nt
458 1570 686 1660 Boamundi
714 1567 993 1656 fortitudinem
1022 1573 1226 1678 bellicam,
1254 1578 1510 1688 sapientiam,
1534 1600 1762 1694 ceterasque
1780 1585 1902 1665 virtu-

227 1747 284 1809 tes
312 1719 562 1838 praedicaret
591 1711 675 1821 Qui
704 1714 821 1798 ceteri
850 1711 1011 1819 Duces,
1046 1740 1085 1801 et
1112 1715 1378 1802 Gothifredus
1415 1721 1500 1828 ipse
1535 1717 1726 1803 secundas
1761 1721 1904 1805 habere
1983 1721 1988 1733 '

193 1887 196 1892 “
228 1884 358 1978 partes
386 1859 604 1962 videntur,
632 1858 806 1968 primam
836 1881 952 1958 vero,
980 1876 1020 1939 et
1047 1862 1264 1943 maximam
1292 1857 1575 1963 Boamundns,
1603 1864 1655 1945 ita
1684 1882 1731 1944 ut
1757 1863 1821 1946 hic
1849 1892 1905 1945 sa-

227 2035 316 2090 crae
343 2001 481 2088 Iliadis
509 2000 682 2086 Achilles
710 2001 774 2083 sit.
808 1993 909 2087 Inde
937 2004 1090 2090 factum
1106 2019 1165 2108 *ut
1192 1997 1419 2084 Boamnndi
1449 2022 1596 2106 morte,
1625 2033 1753 2116 eoque
1772 2007 1812 2086 in
1827 2002 1903 2085 Ec-

227 2147 344 2234 clesia
357 2147 393 2232 S.
404 2145 535 2231 Sabini
554 2143 715 2230 Canusii
735 2144 934 2258 inApulia
951 2142 1105 2260 sepulto
1123 2137 1282 2222 historia
1299 2135 1469 2222 finiatur.
1485 2139 1563 2224 Sed
1577 2140 1787 2226 audiamus
1802 2143 1903 2225 Scri-

225 2310 381 2401 ptorem
408 2289 540 2396 ipsum
569 2313 678 2367 amm.
704 2282 821 2372 CXL
839 2283 935 2370 haec
962 2282 1198 2368 scribentem
1227 2301 1269 2367 :t
1305 2279 1392 2366 Sed
1416 2286 1511 2398 qnia
1541 2281 1770 2368 Boamnndi
1785 2305 1901 2389 acta,
1959 2281 1962 2288 ’

225 2459 327 2544 quae
355 2455 463 2511 nunc
490 2455 613 2540 usqam
638 2428 777 2540 gessit,
795 2424 1044 2528 recchonem,
1065 2425 1251 2509 debemus
1280 2441 1318 2507 et
1345 2429 1469 2538 ipsim
1484 2424 1621 2538 finem
1649 2429 1818 2542 qualiter
1830 2432 1902 2515 lm-

228 2567 330 2652 titus
358 2573 409 2654 sit
437 2566 510 2650 vel
534 2569 767 2652 summatim
794 2595 987 2649 reserare.
1015 2565 1166 2680 Ecquis
1194 2595 1275 2650 non
1302 2567 1413 2652 videt
1441 2567 1658 2653 Historiam
1682 2573 1779 2652 sacri
1797 2570 1895 2654 belli

221 2708 429 2795 scribendo
458 2731 665 2794 auctorum
693 2737 754 2793 res
782 2738 805 2790 a
833 2703 1070 2792 Boammdo
1099 2726 1243 2824 gestas,
1273 2711 1433 2826 eiusque
1462 2727 1555 2794 acta
1582 2713 1794 2821 suscepisse
1812 2712 1899 2792 nar-

171 2909 180 2918 ·
234 2851 388 2938 randai’
415 2851 571 2936 Verum
601 2851 696 2938 haec
725 2851 918 2938 sufficiant
945 2881 1047 2968 quae
1075 2844 1290 2936 doctorum
1327 2850 1541 2937 hominum
1573 2847 1722 2935 iudicio
1760 2847 1824 2934 vel
1842 2848 1903 2936 ul·

229 3017 289 3082 tro
316 2993 558 3081 subiicimus.
678 3019 680 3024 ’
