4870 6630
877 549 882 558 ·
952 513 1134 635 (129)

202 691 409 810 episcopis
446 717 548 806 quos
577 683 630 774 ad
658 681 952 804 dedicationem
975 686 1156 775 eiusdem
1174 686 1344 806 ecclesie
1373 710 1588 776 vocaverat.
1616 696 1878 808 omnipotenti
1920 721 1934 744 ·

199 832 281 918 deo
302 833 449 952 gratias
468 833 560 948 egit·
592 826 700 914 Nam
733 847 772 912 et
791 831 950 914 nomina
980 833 1256 941 episcoporum
1280 833 1355 943 qui
1370 834 1499 914 vocati
1517 853 1611 916 sunt
1640 831 1703 918 hie
1723 861 1881 918 enume-

216 1002 301 1065 rare
328 972 524 1058 existimo.
552 967 753 1060 Palladius
782 965 977 1082 salpitano
1006 967 1183 1054 Eutitius
1211 969 1419 1060 Trauensis
1447 968 1638 1058 Iohannes
1675 967 1884 1054 Rubesane

216 1115 421 1204 Austerius
454 1109 666 1198 Venusino.
695 1109 794 1196 Erat
822 1130 956 1192 autem
984 1108 1216 1197 venerabilis
1245 1115 1308 1194 vir
1337 1131 1571 1198 restaurator
1612 1109 1878 1214 ecclesiarum,
1912 1197 1916 1204 ,

222 1274 264 1340 et
294 1248 551 1370 gubernando
588 1255 735 1338 animas
763 1271 870 1333 totus
898 1250 1069 1335 intentus
1099 1311 1108 1336 .
1138 1311 1148 1330 .
1256 1315 1266 1338 .
1294 1237 1460 1366 talenta
1502 1250 1700 1340 dominica
1730 1319 1891 1345 .....

215 1414 415 1508 acceperat
444 1456 453 1474 .
482 1455 494 1482 ,
526 1452 536 1472 .
568 1456 578 1477 .
614 1389 818 1508 3domino
846 1418 919 1474 suo
941 1448 1110 1476 ......
1153 1419 1248 1478 cum
1294 1389 1408 1480 lucro
1445 1393 1654 1505 reportare.
1693 1395 1750 1478 Et
1786 1401 1883 1511 quia

208 1541 403 1652 quinque
432 1533 583 1624 arduo
613 1535 753 1619 talenta
783 1536 825 1619 in
864 1560 905 1616 se
933 1529 1198 1644 cognoscebat
1235 1533 1421 1644 cupiebat
1457 1529 1661 1646 duplicare
1697 1564 1778 1648 que
1812 1535 1890 1652 sibi
1930 1615 1933 1620 .
2003 1602 2013 1618 ,
2065 1537 2068 1544 ’

84 1675 87 1682 ’
223 1681 432 1766 commissa
461 1671 656 1762 credebat
685 1673 735 1760 Iu
760 1671 1023 1762 exterioribus
1062 1671 1229 1788 augebat
1257 1678 1437 1788 quinque
1465 1678 1572 1758 intus
1603 1675 1773 1790 augebat
1809 1674 1894 1775 duo

225 1819 331 1906 idest
360 1819 483 1902 active
512 1837 552 1899 et
580 1814 884 1928 contemplative
911 1815 1003 1895 vite.
1033 1811 1182 1922 quibus
1211 1832 1349 1919 santa,
1377 1835 1417 1898 et
1452 1815 1703 1902 immaculata
1742 1819 1893 1930 regitur
1918 1857 1919 1860 Ν

233 1958 400 2072 eeclesia.
430 1957 523 2040 Non
551 1956 770 2050 intellectus
816 1959 858 2044 in
896 1983 946 2038 eo
994 1953 1078 2034 sine
1113 1982 1253 2063 opere,
1281 1951 1355 2042 sed
1387 1957 1531 2071 iugiter
1566 1988 1661 2042 cum
1700 1957 1905 2042 intellectu

233 2099 421 2214 iungebat
439 2128 554 2209 opus,
576 2093 698 2205 Quod
720 2124 792 2184 suo
813 2079 921 2209 gregi
941 2089 1169 2207 predicabat
1188 2093 1255 2183 ille
1273 2093 1536 2187 abundantius
1559 2096 1731 2182 faciebat.

257 2212 273 2286 .'
352 2269 387 2330 r,
416 2237 648 2326 Laudemus
666 2235 877 2324 dominum
892 2242 933 2318 in
948 2235 1051 2322 beati
1072 2235 1196 2329 sabini
1214 2223 1364 2330 meritis
1378 2236 1563 2352 gloriosis.
1580 2237 1646 2323 Ad
1665 2240 1893 2352 sepulerum

230 2385 317 2480 eius
336 2381 416 2494 egri
450 2381 615 2467 veniunt
644 2400 683 2462 et
710 2362 893 2464 sanantur
913 2391 948 2462 t.
977 2403 1084 2467 vere·
1102 2374 1293 2468 mirabilis
1323 2373 1510 2472 dominus
1528 2380 1601 2492 qui
1628 2377 1795 2470 assiduis
1813 2377 1901 2464 baa-

108 2538 115 2548 '
237 2543 327 2618 lum
355 2519 537 2610 sabinum
566 2517 768 2608 miraculis
795 2519 986 2604 coruscari
1018 2512 1122 2601 facit
1154 2513 1220 2600 ,td
1248 2516 1485 2632 sepulcrum·
1514 2517 1658 2608 Gloria
1687 2517 1784 2609 Par..

954 2800 1065 2894 Lect.
1095 2797 1168 2890 IX·
1238 2825 1241 2832 '

355 3080 553 3168 Suadebat
581 3081 767 3168 omnibus
796 3082 939 3166 mundi
966 3083 1086 3168 huius
1115 3111 1301 3195 prospera
1340 3109 1422 3166 esse
1460 3087 1670 3170 vanissima
1707 3109 1748 3172 et
1785 3094 1897 3202 quasi

238 3227 404 3324 flumina
431 3225 600 3312 labentia
627 3222 813 3308 velociter
840 3222 1075 3336 deperirent.
1104 3222 1342 3341 Numquam
1370 3259 1394 3312 a
1423 3225 1601 3316 doctrina
1642 3226 1778 3344 lingua
1803 3251 1844 3312 et
1871 3260 1893 3312 a

241 3371 517 3464 restauratione
533 3361 819 3450 venerabilium
846 3360 1028 3452 locorum
1047 3368 1208 3449 cessavit
1222 3395 1371 3454 manus.
1389 3363 1536 3452 Pulcro
1549 3365 1751 3481 siquidem
1779 3399 1899 3482 opere

239 3520 281 3598 in
314 3509 508 3593 Canusina
537 3509 692 3590 civitate
719 3505 824 3588 beati
852 3502 997 3586 Costne
1025 3525 1064 3584 et
1094 3505 1278 3598 Danriani
1314 3509 1524 3598 martirum
1554 3508 1771 3597 inhonore
1799 3515 1898 3599 basi.

247 3652 360 3742 licam
390 3650 570 3736 extruxit,
596 3643 844 3760 eandemque
873 3635 1037 3730 diversis
1066 3649 1265 3733 unloribus
1293 3684 1338 3747 ao
1369 3662 1528 3744 musivo
1573 3651 1782 3742 decoravit,
1803 3658 1907 3742 Nec.

256 3825 334 3882 non
344 3815 383 3876 et
391 3791 494 3876 beati
514 3787 692 3876 iohannis
706 3785 883 3899 baptista.
892 3787 963 3872 hac
981 3783 1067 3901 (sic)
1080 3797 1318 3901 precursoris
1345 3793 1438 3880 dull
1465 3800 1587 3880 nostri
1615 3799 1685 3882 ihr
1709 3797 1797 3910 xpi
1837 3833 1901 3884 ex-

245 3934 350 4018 celso
379 3932 550 4017 culmino
578 3959 773 4014 cameram
801 3933 909 4018 iuna
937 3925 1140 4012 ecclesiam
1169 3930 1391 4020 beatissime
1437 3900 1594 4048 semplar
1631 3940 1796 4052 virginis
1831 3939 1899 4028 dei

249 4073 443 4194 genitricis
472 4066 897 4168 marie'ooudidit.-Et
924 4066 1033 4180 apud
1061 4067 1266 4153 ecclesiam
1293 4075 1459 4184 predicti
1498 4079 1737 4188 precursoris
1773 4074 1902 4164 domi·

249 4243 302 4308 no
330 4208 519 4296 Salvatori
551 4209 748 4323 templum
777 4239 922 4326 magno
950 4209 1092 4294 decore
1121 4213 1339 4346 constituit..
1359 4213 1522 4298 Sanctus
1550 4215 1701 4328 quippe
1735 4218 1796 4299 vir
1811 4249 1907 4306 cum

173 4433 176 4440 ,
251 4355 331 4446 iam
359 4347 483 4464 longa.
503 4369 699 4438 senectute
728 4347 949 4436 saticaretur
977 4346 1118 4432 lumen
1146 4344 1576 4456 amiseratoculorum,
1595 4379 1689 4434 cum
1710 4356 1787 4438 iam
1815 4386 1900 4442 san-

261 4494 312 4575 cti
340 4488 500 4602 spiritus
528 4489 664 4582 lumen
692 4489 827 4574 oculos
856 4489 1120 4580 illustraverat
1148 4493 1301 4575 mentis.
1330 4490 1386 4574 Et
1404 4495 1497 4605 quia
1528 4490 1666 4575 multis
1682 4490 1809 4578 suerat
1836 4504 1915 4612 spi.
1946 4540 1950 4548 ·

255 4628 462 4714 ritualibus
489 4623 605 4720 donis
633 4649 793 4714 ornatus
821 4633 924 4742 repit
951 4649 992 4714 et
1019 4657 1134 4714 cecus
1162 4632 1303 4740 spiritu
1332 4632 1540 4745 prophetie
1568 4629 1713 4719 videre.
1738 4633 1823 4734 Nec
1841 4636 1914 4724 diu

254 4765 331 4866 iroc
359 4769 476 4856 latuit
502 4788 582 4853 tota
611 4800 783 4887 namque
811 4769 931 4880 ytalia
968 4801 1063 4856 eum
1104 4772 1244 4859 hahere
1282 4774 1468 4890 spiritum
1504 4771 1708 4886 prophetie
1741 4773 1906 4862 audivit

1488 4915 1661 5000 ‘17¹

33 5471 374 5828 Χ.
