4914 6610
725 654 1417 802 ¹INDICULUS
1501 659 1961 826 EORUM,

1325 879 1354 940 U
1377 879 1405 938 A
1430 877 1455 940 Ε

904 1005 965 1088 ΙΝ
995 1003 1108 1089 HAC
1137 1005 1168 1089 Ι.
1196 879 1378 1091 ΡΑῗίΤΕ
1407 1005 1823 1094 CONTINENTUR.

1035 1167 1683 1212 ff*-

529 1297 581 1380 Jn
611 1301 890 1415 Agiograplra‚
920 1333 1020 1418 quoe
1050 1299 1220 1383 eduntur
1254 1304 1574 1384 Commentarius
1596 1304 1802 1410 praevius.
1833 1364 1842 1383 .
1873 1364 1881 1383 .
1910 1333 1994 1421 pag.
2177 1311 2201 1396 Ι

528 1411 819 1498 Kalendarium
851 1417 1101 1529 Melficteuse
1132 1417 1190 1498 l.
1221 1478 1229 1495 .
1293 1483 1300 1498 .
1366 1470 1375 1484 ·
1437 1477 1446 1494 .
1504 1477 1512 1493 ·
1572 1477 1580 1494 ·
1638 1475 1646 1491 ·
1707 1478 1714 1495 ·
1779 1470 1787 1486 ·
1852 1479 1861 1497 ·
1917 1480 1925 1498 ·
1985 1478 1993 1497 ·
2095 1419 2199 1507 XIX

525 1523 819 1610 Kalendarrum
849 1533 1097 1644 Melsictense
1128 1531 1179 1612 Il
1238 1593 1246 1609 .
1305 1589 1315 1605 -
1372 1591 1381 1607 .
1440 1590 1449 1606 .
1508 1588 1517 1605 ·
1575 1535 1584 1605 ζ
1644 1587 1988 1613 ......
2076 1532 2198 1619 XXX

523 1635 824 1723 Kalendarum
854 1646 1117 1728 Rubastt'uum
1168 1701 1996 1728 ·············
2062 1645 2201 1731 XLIV

525 1748 821 1838 Kalendarium
851 1759 1065 1842 Breviario
1099 1761 1306 1844 Canusino
1330 1753 1565 1868 praefixum
1584 1816 1997 1842 .......
2103 1759 2199 1844 LVI

525 1859 823 1951 Kalendarum
860 1873 1112 1954 Canusinum
1113 1929 1999 1956 ...............
2059 1871 2198 1956 LXIX

528 1973 821 2064 Kalendan'om
852 1983 1156 2068 Brundusinam
1171 2042 1925 2070 ············
1950 2048 1991 2096 ¹·
2021 1983 2200 2069 LXXXI

528 2085 824 2178 Kalendarum
855 2100 1055 2211 Lyciense
1099 2155 1985 2186 ..............
2057 2097 2198 2183 XCIII

525 2201 575 2284 In
605 2204 898 2294 Kalendarium
955 2213 1000 2296 T
989 2221 1213 2300 utinianum
1252 2251 1279 2300 a
1322 2215 1546 2299 doctissimo
1586 2205 1802 2291 Mazochio
1849 2207 1998 2296 editum

640 2348 682 2410 :t
715 2322 1001 2412 Adnotationes
1037 2383 1990 2413 ···············
2016 2373 2019 2376 ·
2122 2318 2197 2404 CV

529 2425 679 2508 Sacrae
710 2437 998 2524 Patrrarciralis
1027 2443 1231 2530 Ecclesiae
1264 2444 1656 2556 Hierosolymitanoe
1686 2438 1890 2548 liturgiae
1911 2442 1999 2524 Ex-
2079 2453 2081 2458 '

639 2563 776 2739 mpla
804 2580 861 2644 ⁶⁹2?
881 2555 1005 2639 MSS.
1041 2556 1189 2642 Codice
1217 2562 1388 2670 insignis
1417 2557 1621 2642 Ecclesiae
1651 2552 1690 2635 S.
1720 2546 1902 2659 Sepulcri
1920 2555 1998 2638 Ba-

642 2687 691 2736 ru
722 2719 1992 2752 ....................
2177 2695 2200 2749 1·

526 2771 592 2854 De
623 2768 748 2854 Sacro
778 2777 878 2888 Igne
907 2784 951 2862 in
979 2785 1162 2868 Ecclesia
1208 2783 1580 2897 Hierosolymitaua
1620 2781 1659 2863 S.
1690 2778 1874 2890 sepulcri
1899 2779 1993 2864 olim

641 2880 903 2974 descendente
932 2928 973 2984 :s
1005 2899 1246 2982 Testirnonia
1247 2949 1994 2982 ............

527 2997 594 3080 De
624 2999 794 3086 Auctore
825 3009 1028 3092 Historiae
1059 3012 1163 3100 Belli
1189 3015 1309 3098 Sacri
1334 3047 1361 3094 a
1390 3012 1625 3096 clarissimo¹
1650 3006 1887 3095 Malillomo
1912 3006 1995 3093 edi-

645 3130 710 3196 iae
738 3147 779 3204 ε
815 3121 1051 3235 Disqeu'sitio
1107 3181 1995 3210 ..............
2138 3149 2189 3231 77

530 3226 827 3341 Fragmentum
855 3234 1100 3348 Legenclnrii
1126 3259 1217 3323 ante
1247 3271 1373 3324 annos
1402 3257 1611 3324 sexcentos
1639 3237 1794 3346 scripti.
1851 3302 1861 3320 .
1920 3299 1929 3317 .
1986 3298 1997 3316 .
2141 3233 2197 3316 83

404 3399 407 3406 -
536 3338 643 3422 Ordo
666 3341 925 3454 ponderandi
950 3353 1173 3436 masculum
1201 3354 1274 3436 vel
1282 3351 1497 3462 feminam
1515 3412 1859 3436 ......
1863 3411 1926 3460 ,ι
1984 3411 1993 3429 ·
2138 3345 2196 3456 89

534 3452 636 3536 Ordo
664 3454 724 3536 ad
753 3459 1091 3549 Catizecumenum
1104 3467 1355 3578 faciendum
1382 3523 1995 3549 ··········
2138 3457 2197 3573 95

532 3565 765 3650 Benedictio
792 3581 930 3683 sponsi
958 3597 995 3660 et
1023 3611 1191 3694 sponsae
1240 3638 1992 3668 ............
2117 3602 2190 3656 101

535 3675 644 3764 Ordo
672 3679 733 3762 ad
756 3690 1053 3797 suscipiendam
1083 3694 1291 3777 mulierem
1315 3714 1405 3807 post
1429 3713 1594 3808 partum
1650 3749 1993 3774 ......
2119 3683 2198 3767 ¹⁰5

536 3791 718 3904 (fficium
752 3797 1002 3888 Visitationis
1033 3810 1075 3892 B.
1107 3809 1272 3893 Mariae
1306 3810 1491 3922 Virgiru's
1519 3864 1997 3890 ........
2119 3825 2198 3908 109

535 3907 584 3988 In
614 3909 856 3995 Festivitate
873 3921 911 4002 S.
928 3921 1069 4004 Sabini
1095 3923 1227 4033 Episc.
1248 3941 1284 4004 et
1304 3921 1556 4031 Confessoris
1574 3921 1712 4004 Missa
1732 3934 1769 3998 et
1805 3921 1997 4029 Qfflcium.
2116 3936 2200 4021 119

534 4017 604 4114 Aa
627 4018 736 4104 diem
775 4027 848 4110 IX
877 4034 1095 4116 Februarii
1140 4035 1305 4119 Ordinis
1344 4035 1537 4120 Missalis
1577 4035 1640 4118 M
1653 4033 1784 4145 iptict.
1815 4030 1912 4117 Ide
1951 4027 1999 4108 B·

653 4137 841 4222 Conrado
892 4149 1057 4230 Bavaro
1115 4146 1279 4232 Ordinis
1322 4149 1597 4232 Cisterciensis
1642 4142 1995 4257 Melpiu'ctensium

648 4249 812 4335 caelesti
837 4258 1145 4372 vigilantissimo
1175 4263 1348 4344 Patrono
1367 4296 1407 4351 :2
1430 4264 1751 4346 Commentarius
1779 4259 1997 4340 historicus.
2120 4245 2191 4332 131

534 4357 605 4444 Ad
629 4357 737 4442 diem
770 4368 822 4452 V
814 4373 889 4458 III
909 4372 968 4460 Id
997 4374 1141 4459 Maias
1169 4403 1211 4466 ς.
1242 4376 1308 4458 De
1336 4381 1583 4487 apparitione
1614 4373 1652 4458 S.
1680 4369 1897 4460 Michaelis
1928 4371 2002 4454 An

652 4473 839 4590 changeii
864 4521 906 4584 ς,
938 4489 1226 4571 Commentatio
1259 4489 1473 4572 Historica.
1521 4544 2000 4570 ........
2120 4475 2201 4564 153

535 4585 607 4672 Ad
631 4588 739 4670 sitem
770 4595 822 4674 II
843 4601 952 4682 Iunii
976 4633 1017 4694 a
1044 4600 1094 4685 Iu
1122 4601 1162 4685 S.
1193 4599 1361 4684 Nicolai
1402 4603 1606 4717 Peregrini
1642 4598 1865 4713 Hydrunto
1898 4597 1943 4682 T
1935 4627 1999 4680 ra-

646 4732 745 4784 mim
778 4708 1014 4824 Odeporiam
1043 4746 1086 4807 :s
1112 4714 1395 4800 Adnotationes
1451 4771 1999 4801 .........
2122 4701 2202 4818 175

537 4813 608 4899 Ad
632 4813 741 4899 diem
792 4823 867 4912 VJ
886 4825 977 4910 Kal
1017 4825 1112 4910 Iulii
1136 4862 1179 4924 ,ς
1204 4827 1271 4910 De
1301 4829 1485 4918 Ecclesia
1513 4830 1551 4916 S
1579 4829 1748 4914 Mariae
1783 4827 1836 4911 de
1880 4824 1999 4910 Mar·

647 4937 805 5044 tyribus
833 4972 875 5036 ιτ,
904 4943 1226 5025 Commentarius
1244 5000 1655 5026 .......
1687 4949 1722 5020 ⁰·
1779 5004 1790 5024 ·
1848 4975 1859 5022 ῖ
1916 4998 1926 5018 ·
1982 5002 1993 5021 ·
2116 4957 2197 5043 ¹79

537 5039 605 5131 De
635 5047 991 5163 lstlpiu'ctensibus
1019 5053 1229 5166 Episcopis
1228 5110 1992 5139 ............
2115 5071 2195 5156 191

538 5151 604 5242 De
637 5163 800 5282 (argine
827 5187 867 5254 et
896 5169 1075 5259 Nomine
1110 5166 1301 5265 Civitatis
1331 5165 1548 5284 Melplricti
1573 5225 1994 5251 ·······
2111 5151 2199 5247 2¹3
