4820 6604
1266 459 1283 574 (
1312 456 1540 576 xxxlv)

1525 577 1530 587 .
1559 575 1563 584 ι

1223 659 1578 732 MARTIUS.

1252 873 1543 907 *aa

831 1177 969 1248 Martius
991 1173 1092 1242 hahet
1113 1169 1348 1330 dffiXXXI.
1373 1171 1451 1244 luna
1473 1171 1597 1246 XXX.
1623 1177 1699 1248 Nox
1721 1177 1822 1247 habet
1843 1181 1940 1250 horas
1976 1178 2062 1250 XII.
2099 1180 2181 1252 dies
2211 1211 2279 1256 ve·

1065 1286 1105 1329 ro
1205 1311 1213 1328 .

562 1357 624 1430 KL
743 1359 886 1430 Martius
932 1354 1108 1427 Herculani
1132 1354 1223 1448 epi,
1248 1362 1282 1420 et
1303 1367 1400 1424 mart.
1469 1415 1471 1420 ,

563 1453 611 1518 VI
747 1471 805 1514 no.
875 1465 878 1472 ·

563 1541 592 1606 V
751 1563 809 1605 no.
946 1611 949 1616 ,

564 1631 631 1699 IIII
747 1651 805 1695 no.

566 1723 619 1790 ΠΙ
754 1743 812 1787 no.

569 1813 603 1881 II
754 1835 812 1878 no.

747 1901 859 1972 Nonas
1035 1899 1094 1970 SS.
1120 1901 1309 1992 Perpetue,
1335 1903 1368 1960 et
1389 1888 1567 1964 Felicitatis
1588 1896 1678 1984 Virg.
1704 1909 1737 1965 et
1758 1912 1856 1967 mart.

572 1993 652 2060 VIII
753 1989 802 2058 id.
1037 1992 1070 2057 T
1074 1993 1169 2060 home
1195 1989 1237 2053 de
1262 1985 1398 2075 Aquino
1422 1984 1510 2052 cons.

574 2085 641 2151 VII
755 2081 804 2149 id.
1042 2079 1098 2147 SS·
1126 2076 1352 2166 Quadraginta
1376 2074 1477 2142 Mari.

572 2176 620 2240 VI
758 2173 807 2238 id.

575 2263 604 2329 V
756 2259 805 2328 id.

576 2353 645 2510 ffll
758 2350 808 2507 ἰιὲ.
1045 2356 1082 2418 S.
1109 2351 1269 2444 Gregorii
1288 2371 1348 2444 pp·
1373 2361 1404 2421 et
1428 2351 1518 2442 coifi

760 2465 809 2506 1.

577 2533 611 2602 ΙΙ
763 2530 813 2599 id.

760 2621 837 2692 Idus

580 2713 682 2785 XVII
760 2710 832 2782 kal.
856 2715 963 2810 April.

582 2805 668 2874 XVI
758 2803 829 2874 kal.

581 2894 651 2965 XV
759 2892 831 2965 kal.

581 2981 687 3144 XIIII
762 2982 832 3143 {als
1049 2985 1083 3052 S.
1106 2983 1226 3078 Ioseph
1247 2979 1345 3050 Conf-
1616 2981 1828 3070 (recentiori
1850 2984 1987 3071 marm)

792 3101 834 3142 a.

586 3165 657 3236 XII
763 3164 833 3234 kal.
1050 3169 1088 3235 S·
1112 3166 1286 3238 Benedicti
1308 3159 1447 3230 abbatis.
1500 3181 1504 3194 ·

586 3257 643 3328 XI
766 3256 838 3326 kal.

587 3348 621 3416 X
769 3346 840 3414 kal.

588 3435 687 3507 VIIII
770 3435 841 3504 kal.

589 3525 676 3685 {yffi
774 3524 845 3686 lia}
1054 3529 1280 3602 Annunciacio
1302 3529 1422 3594 Sancte
1444 3524 1555 3596 Mario
1579 3527 1672 3619 Virg·

803 3643 845 3685 a.

592 3707 641 3773 VI
775 3706 847 3775 kal.

596 3797 626 3863 V
772 3797 844 3870 kal.

599 3885 667 3954 IIII
774 3886 843 3954 kal.

599 3977 652 4043 111
774 3975 847 4044 kal.

602 4066 636 4136 ll
779 4066 851 4135 kal.
