4914 6610
1065 496 1083 615 t
1108 451 1191 612 '191
1227 493 1244 614 l

677 769 758 888 ou
786 799 1306 892 urnurfflcrnusruus
1335 777 1625 894 urrscorts.

429 1087 522 1196 Quo
554 1087 734 1196 primurn
764 1105 943 1196 ternpore
972 1086 1264 1200 Melplrictensis
1294 1090 1471 1178 Ecclesia
1499 1091 1729 1207 Episcopuli
1766 1091 1889 1182 suerit
1934 1127 1997 1182 or-

317 1241 405 1314 nata
433 1231 608 1332 Thron0,
628 1226 737 1313 haud
769 1227 887 1312 facile
905 1232 979 1312 erit
996 1249 1174 1334 statuere,
1195 1234 1354 1344 quiret
1377 1263 1449 1318 nec
1468 1231 1580 1318 facile
1599 1235 1808 1349 inquirere.
1837 1235 1922 1324 Nec
1950 1237 1994 1322 id

314 1394 469 1458 tantum
503 1366 555 1454 de
576 1370 850 1482 lllelphictensi
877 1367 1074 1471 Ecclesia,
1094 1369 1163 1454 sed
1184 1394 1224 1456 et
1252 1373 1304 1458 de
1322 1374 1406 1459 aliis
1426 1405 1589 1490 quoque
1617 1406 1688 1494 per
1707 1377 1922 1491 Apuliam,
1951 1401 1991 1464 et

314 1517 521 1631 Iapygiam
537 1509 767 1614 dicendum,
786 1541 881 1596 cum
900 1541 1036 1597 earum
1058 1535 1315 1598 monumenta
1335 1511 1538 1628 deperdita
1554 1515 1736 1605 sint.Nec
1755 1547 1850 1602 vero
1869 1547 1986 1634 quos-

315 1655 410 1740 dam
439 1657 586 1738 imitari
617 1651 774 1765 placet,
803 1655 905 1764 qui,
933 1683 1036 1765 quae
1063 1651 1116 1734 ad
1145 1654 1268 1758 alias,
1297 1686 1441 1772 easque
1459 1661 1577 1742 etiam
1596 1657 1715 1774 longe
1733 1657 1885 1744 dissitas
1901 1690 1987 1774 per-

216 1811 220 1816 ’
316 1795 493 1879 tinebant
521 1815 806 1897 monumenta,
835 1789 887 1876 ad
916 1790 1140 1896 Ecclesias,
1168 1826 1341 1909 quarum
1370 1799 1592 1886 scribebant
1621 1800 1819 1908 historias,
1849 1805 1896 1886 iis
1927 1833 1993 1915 ure-

316 1933 454 2022 lificnri
485 1939 713 2046 cupientes,
752 1958 792 2018 et
829 1919 1039 2018 nominum
1083 1934 1243 2022 fortasse
1290 1939 1553 2026 similitudine
1582 1939 1763 2055 decepti,
1791 1944 1995 2028 transtule-

315 2091 409 2162 runt
436 2077 508 2195 (r).
539 2077 648 2171 Illud
678 2109 752 2189 pro
779 2099 983 2189 comperto
1011 2100 1142 2162 tamen
1171 2079 1305 2166 haberi
1334 2089 1479 2194 poterit
1505 2084 1658 2198 aliquas
1686 2084 1826 2170 saltem
1855 2117 1903 2170 cx
1923 2116 1991 2170 no-

315 2225 402 2306 stris
430 2218 615 2306 Eoclesiis
642 2251 665 2303 a
694 2220 811 2301 Petro
850 2221 957 2329 ipsu,
992 2218 1084 2303 alias
1112 2251 1134 2304 a
1163 2224 1353 2330 proximis
1380 2223 1486 2309 Petri
1515 2224 1802 2310 successoribus
1830 2222 1992 2337 Episco-

316 2359 393 2476 pos'
414 2361 614 2462 habuisse,
642 2360 792 2472 aliquas
820 2357 989 2443 demum
1033 2363 1205 2476 antiquis
1247 2359 1456 2448 destructis
1502 2363 1672 2448 urbibus
1706 2363 1832 2448 veluti
1867 2385 1990 2448 trans·

315 2505 403 2586 latis
431 2498 590 2586 sedibus
617 2499 869 2611 Episcopales
882 2499 1023 2593 ,Sedes
1050 2506 1249 2614 accepisse.
1277 2499 1361 2588 Nec
1390 2501 1494 2588 illud
1524 2533 1688 2618 quoque
1721 2501 1990 2616 sperandum,
2059 2475 2060 2486 Ν

315 2669 363 2728 ut
390 2647 506 2728 series
533 2644 719 2730 continua
746 2641 1040 2753 Episcoporum
1068 2646 1244 2730 cuiusvis
1272 2639 1373 2726 sedis
1403 2641 1537 2726 haberi
1567 2645 1715 2756 possit,
1743 2671 1837 2726 cum
1876 2641 1989 2726 sedes

312 2793 419 2900 ipsae
448 2785 511 2874 vel
539 2791 830 2904 antiquissimae
859 2809 1118 2898 temporum,
1147 2782 1427 2896 bellorumque
1455 2780 1740 2867 calamitatibus
1769 2809 1875 2866 nnnc
1899 2811 1993 2904 ‘uua

311 2927 432 3012 simul
460 2933 616 3034 unitae,
645 2957 750 3012 nunc
776 2925 911 3012 denuo
940 2923 1177 3027 disiunctae,
1199 2923 1395 3036 quaedam
1413 2928 1533 3008 etiam
1552 2919 1677 3030 veluti
1697 2925 1901 3025 extinctae,
1912 2951 1981 3033 po-

255 3117 261 3131 ·
312 3089 390 3152 stea
419 3071 635 3172 restitutae,
650 3088 689 3151 et
717 3064 959 3181 quandoque
976 3063 1088 3150 sedes
1106 3063 1240 3176 plures
1256 3067 1428 3148 inunum
1448 3059 1573 3146 veluti
1589 3059 1789 3148 conflatae.
1800 3061 1860 3146 Ea
1872 3064 1981 3148 enirn

313 3233 395 3298 erat
423 3209 690 3296 Ecclesiarum
721 3182 944 3294 nostrarum
975 3207 1109 3292 medio
1137 3226 1177 3292 et
1206 3199 1346 3288 infimo
1375 3230 1473 3286 aevo
1502 3197 1723 3286 miseranda
1752 3199 1912 3322 facies(
1941 3199 1973 3316 l.

336 3443 544 3460 ψ

417 3577 434 3678 (
440 3577 475 3676 1)
501 3577 674 3659 Videndus
716 3584 855 3662 omnino
880 3580 1022 3652 Doctim.
1052 3569 1279 3688 Nerulonensis
1303 3569 1475 3641 Fimianus
1498 3569 1559 3642 De
1595 3580 1679 3642 ortu
1720 3583 1757 3641 et
1787 3592 1983 3668 progressu

311 3705 467 3804 Metrop.
496 3707 604 3781 Diatr.
633 3709 667 3782 Ι.
695 3739 768 3809 pur.
801 3740 835 3784 2.
866 3711 953 3806 Cap.
983 3707 1068 3779 lv,
1121 3725 1123 3734 ’

355 3861 360 3869 ·
411 3829 466 3933 (2)
493 3831 548 3906 Sic
577 3861 664 3908 anno
689 3835 919 3910 DCCCCII
953 3837 1092 3934 legimus
1120 3829 1296 3901 Ioannem
1329 3825 1536 3922 Episcopum
1566 3819 1654 3896 sedis
1683 3819 1920 3914 Canutirtue,
1946 3833 1993 3898 et⁴

309 3955 584 4034 Brundisinae.
613 3962 652 4034 In
677 3961 867 4060 Diplornate
891 3987 1023 4063 quoque
1054 3958 1225 4055 Gregorii
1254 3949 1526 4025 Trocbuniotau
1559 3977 1616 4024 un.
1644 3945 1972 4026 DCCCCXCIX

310 4084 400 4182 apud
433 4085 671 4162 Assemunuunr
714 4089 981 4162 Clrrr'rcrtcmus
1024 4083 1143 4158 dicitur
1173 4081 1447 4180 lrclriepiscopns
1465 4077 1607 4192 ¹Cuttrr'
1631 4075 1740 4154 Baria·
1773 4087 1806 4148 ut
1841 4073 1973 4153 Trou.

309 4203 409 4276 Anno
434 4205 553 4280 MLX
576 4205 768 4280 Eustaclrius
794 4205 931 4280 babetur
957 4205 1139 4302 Episcopus
1165 4207 1452 4298 Brundusium,
1479 4219 1511 4284 et
1542 4203 1732 4282 Uritauus.
1750 4199 1913 4306 ,Denique
1940 4204 1977 4284 iu

256 4381 263 4390 -
307 4331 504 4430 Diplomnte
533 4333 727 4434 Calocyrir
751 4361 804 4406 un.
834 4333 909 4406 DC
916 4331 1236 4408 CCCLXXXIII
1244 4334 1482 4408 Rhodostuno
1508 4329 1670 4407 Trancnsi
1695 4329 1863 4430 Episcopo
1898 4329 1976 4405 sub

224 4489 226 4494 ·
306 4460 390 4532 iecta
419 4459 633 4534 adfirmentur
659 4474 763 4534 castra
793 4457 1080 4562 Gybentiazum',
1096 4458 1215 4556 Rubi,
1237 4463 1431 4538 Mineruinr'
1456 4477 1492 4534 et
1517 4458 1802 4532 Montemilonis.
1829 4457 1885 4531 Ex
1909 4447 1991 4558 quo'
2046 4489 2049 4496 ’

306 4585 385 4660 illud
410 4595 502 4688 argui
528 4615 623 4688 posse
647 4592 755 4664 risum
782 4587 837 4660 Cl.
865 4587 1030 4661 bimiuno
1053 4586 1134 4660 hacc
1160 4601 1262 4661 castra
1299 4603 1355 4662 aut
1388 4585 1537 4662 nondum
1561 4587 1746 4684 Episcopus
1784 4586 1974 4684 accepisse,

305 4735 361 4794 ant
386 4733 476 4796 certe
498 4717 670 4818 Episcopis
694 4732 773 4792 tuuc
798 4716 966 4810 caruisse,
994 4714 1090 4820 quod'
1113 4714 1266 4790 ultimum
1294 4741 1355 4792 nos
1379 4741 1500 4794 rerum
1526 4725 1692 4814 putamus.
1721 4713 1877 4797 &tuum
1893 4738 1974 4790 curn
