4914 6610
1004 595 1181 712 (ιω)

204 739 504 886 Garganicani
532 765 741 852 Basilicam
769 763 1068 879 gubernandam
1095 760 1217 848 simul
1244 777 1285 844 et
1314 763 1608 850 restaurandam
1634 770 1804 878 suscepit
1833 765 1904 883 (r)

321 1179 392 1282 (r)
424 1183 505 1274 Quo
530 1187 633 1282 tnagis
657 1197 765 1282 pateat
790 1184 1008 1284 Apparitionis
1032 1187 1230 1278 historiam,
1250 1209 1376 1278 necnon
1406 1199 1438 1262 ct
1463 1185 1721 1286 Sipontiuorunr
1747 1187 1903 1263 victoriae
1924 1260 1929 1276 ,

202 1321 433 1406 corruptam
458 1311 576 1404 luisse,
604 1313 731 1388 iuvabit
755 1313 808 1388 hic
832 1313 943 1414 paullo
969 1313 1175 1412 latius'illanr
1199 1323 1237 1384 ut
1265 1337 1285 1410 ρ
1310 1312 1349 1386 S.
1379 1310 1574 1414 Archangeli
1600 1309 1900 1408 Historiographo,

204 1449 245 1543 et
274 1436 327 1510 ab
358 1437 490 1512 Adone
509 1453 690 1536 narratur,
726 1442 928 1516 erenrinare.
958 1444 1004 1516 Et
1029 1448 1155 1544 primus
1180 1443 1227 1520 sic
1252 1456 1288 1503 -·“-·
1311 1441 1416 1518 Inter
1440 1439 1534 1518 haec
1561 1437 1806 1538 Neapolitani
1840 1413 1934 1534 pas

202 1567 384 1664 garricis
413 1561 541 1640 adhuc
566 1566 691 1640 ritibus
716 1567 930 1644 oberrantes
956 1572 1167 1674 Sipontinae
1192 1591 1227 1650 et
1252 1574 1529 1650 Beneuentauor
1564 1574 1627 1668 qui
1652 1565 1910 1664 (Beneventani

205 1709 344 1785 reue,
378 1716 460 1769 num
486 1691 691 1789 Neapolitani
716 1686 842 1794 longius
867 1697 1003 1798 distant)
1021 1690 1165 1778 circiter
1184 1702 1384 1777 Lmtttitus
1409 1698 1563 1799 Siponto
1589 1693 1752 1790 distant(
1770 1692 1800 1764 L
1814 1720 1895 1790 pene

207 1814 392 1894 milliaria
418 1817 645 1892 Beneventum
671 1819 753 1892 inter
778 1836 810 1894 et
835 1821 1012 1921 Sipontum
1037 1833 1170 1934 antiqua
1195 1843 1306 1904 notant
1331 1827 1498 1902 Itineraria
1515 1822 1613 1923 ),scd
1638 1847 1797 1930 quorsum
1825 1818 1909 1910 hoc,¹

211 1957 258 2014 nt
287 1943 339 2022 de
368 1943 435 2028 hac
461 1945 609 2018 distantia
633 1951 839 2043 potissimum
866 1955 989 2026 tuentio
1032 1957 1088 2030 lint
1105 1961 1130 2032 l‘
1149 1960 1254 2031 Porro
1292 1959 1320 2029 si
1356 1951 1563 2053 Neapolitani
1597 1951 1758 2049 paganicis
1794 1945 1929 2036 ritibus¹

210 2067 393 2167 adscripti
417 2085 541 2165 crant,
569 2071 789 2146 Beneventani
817 2077 1028 2176 Longobardi
1053 2099 1191 2180 contra,
1228 2083 1307 2156 boni
1334 2079 1450 2174 ccr'te,
1479 2078 1653 2178 sidehsque
1679 2075 1800 2148 Christi
1844 2069 1918 2144 cul·

217 2207 322 2274 loves
351 2210 458 2279 aaut,
489 2205 544 2280 hu
567 2224 633 2278 non
657 2199 693 2272 id
717 2201 781 2274 toti
807 2229 923 2278 eorum
950 2222 1140 2308 temporum
1167 2211 1320 2284 historiae
1345 2207 1600 2282 adversaretur?
1618 2204 1693 2276 Ado
1719 2203 1761 2275 dc
1785 2201 1922 2298 sipon-v

221 2326 308 2414 linis
345 2323 448 2419 silet,
475 2341 507 2402 et
532 2354 552 2398 a
575 2325 804 2427 Neapolitanis
830 2345 957 2408 tanturn
985 2338 1232 2412 Beneventanos
1257 2334 1421 2409 lacessitos
1444 2332 1530 2406 lello
1555 2329 1714 2445 dinc?
1749 2329 1824 2430 Qui
1847 2350 1915 2400 an·

220 2456 364 2534 pisticis
389 2458 449 2524 sui
472 2453 657 2554 (equidem
678 2455 916 2558 Beneventani,
930 2468 1002 2564 ,qiu
1029 2467 1217 2542 martarus
1242 2477 1289 2538 cst
1313 2461 1438 2561 orror)
1464 2465 1607 2538 nwnitrs
1631 2462 1751 2537 edocti
1776 2463 1910 2534 trilun-

225 2604 333 2658 mtm
357 2585 525 2664 ieiunium
551 2601 696 2684 agunt:
724 2603 759 2659 et
782 2613 864 2664 ecce
891 2609 994 2666 nocte
1021 2600 1131 2693 ipra,
1171 2615 1266 2692 quae
1308 2591 1394 2668 belli
1432 2588 1676 2689 praecedebat
1701 2589 1818 2681 diem,
1852 2567 1911 2660 icl-

222 2732 296 2786 em
343 2715 383 2782 in
421 2714 553 2788 valona
577 2711 621 2786 S.
651 2711 813 2792 Miclrad
839 2745 1019 2818 apparens
1043 2724 1198 2796 onustiti
1217 2743 1343 2819 preces
1380 2721 1478 2792 dixit
1515 2741 1638 2798 eorum
1677 2716 1913 2810 exauditas,

228 2823 432 2938 spopondit
456 2845 643 2915 uictoriam
671 2895 682 2918 .
714 2901 723 2918 .
761 2851 1047 2954 ..dorsumque
1071 2855 1143 2928 cito
1169 2856 1299 2926 reuersi
1323 2862 1407 2924 uota
1441 2821 1589 2923 donriiro
1627 2849 1837 2946 gratiarum
1868 2843 1923 2916 ad

233 2973 416 3074 templum
428 2975 616 3079 flestinont
639 2976 784 3074 referre.
814 2979 917 3070 Quod
958 3007 1037 3055 vero
1080 2979 1286 3078 templum?
1313 2975 1425 3066 Quam
1457 2976 1631 3050 certissime
1666 2975 1766 3046 ctiam
1791 2973 1825 3044 S.
1854 2974 1921 3045 Mi-

231 3101 368 3187 ‹chaelit
393 3102 428 3175 ln
454 3103 639 3200 Gargano,
684 3117 721 3176 ut
751 3131 789 3182 ex
815 3087 1030 3206 sequentibus
1055 3081 1190 3206 apparet
1210 3133 1220 3196 ;
1243 3119 1276 3178 et
1301 3104 1476 3178 certissime
1512 3104 1612 3176 etiarn
1638 3100 1805 3174 Victoriae
1832 3123 1909 3195 pro-

235 3225 354 3316 rnissio
387 3255 454 3306 non
477 3230 739 3324 Beneventano,
773 3229 830 3304 sed
855 3231 1027 3332 Sipontina
1054 3233 1200 3310 Antistiti
1243 3235 1339 3308 sacta.
1369 3230 1475 3322 Quod
1499 3233 1525 3302 si
1551 3227 1676 3304 bellurn
1702 3228 1737 3299 in
1772 3223 1910 3324 Apuliae

232 3357 368 3454 campis
391 3359 634 3450 commissum,
662 3372 695 3431 ct
719 3384 738 3430 e
763 3375 942 3459 conspectu
968 3367 1115 3463 Gargani
1141 3365 1293 3457 montis,
1321 3363 1377 3460 qui
1411 3373 1488 3434 tunc
1527 3363 1624 3434 uisus
1666 3372 1717 3430 ert
1743 3372 1922 3444 tremere,

236 3499 278 3573 ut
305 3514 344 3560 ex
372 3489 590 3586 Apparitioois
616 3485 758 3559 Historia
774 3512 787 3578 ·,
815 3489 871 3562 vix
899 3489 988 3567 credi
1014 3493 1139 3588 poterit
1162 3487 1397 3586 Neapolitanos
1420 3485 1608 3558 lacessentes
1632 3484 1729 3558 simul
1749 3483 1922 3558 Beneven-

240 3629 350 3705 tanus,
367 3629 400 3688 et
426 3611 628 3712 SipontinoS,
649 3614 841 3688 Benevento
866 3632 938 3714 post
966 3631 1055 3717 terga
1081 3619 1208 3712 relicto,
1229 3613 1271 3689 ad
1291 3612 1514 3689 dimicandum
1539 3613 1574 3684 ia
1599 3608 1759 3716 Apuliam
1786 3608 1922 3682 descen·

245 3743 345 3822 riisse.
372 3744 422 3815 Ut
447 3767 527 3818 vcro
551 3765 605 3824 res
629 3741 733 3838 magis
756 3739 928 3837 clarescat,
961 3744 1016 3820 hc
1042 3747 1165 3821 adferre
1191 3743 1317 3818 inrahit
1350 3768 1434 3843 quac
1458 3739 1627 3813 Honorius
1654 3733 1926 3836 Augustoduuen·

248 3871 293 3944 sis
301 3870 379 3942 Lib.
408 3868 475 3949 Ill,
494 3869 599 3942 Gem.
619 3865 687 3950 An.
709 3867 753 3940 de
776 3865 1415 3962 betto1100,aGuhtetmustandus
1432 3869 1509 3939 Rat.
1524 3865 1606 3942 Lib.
1628 3865 1660 3932 V
1663 3865 1712 3936 Il.
1727 3865 1812 3960 Cap.
1834 3861 1921 3936 XII.

247 4000 457 4095 scripserunt.
469 4035 505 4082 a
519 3994 565 4067 Et
588 3991 714 4094 primns
732 3993 824 4084 sicia,¹
839 3994 1038 4070 FertumS.
1055 3999 1250 4075 Michaelis
1276 4015 1329 4071 ert
1355 3993 1420 4070 illa
1447 3997 1533 4088 dies,
1559 4019 1632 4095 qua
1646 3990 1799 4092 populus
1824 3987 1928 4074 Cliti·

246 4135 394 4214 rtiaaur
416 4152 497 4214 cum
519 4131 683 4229 paganis
713 4144 889 4229 pugnam
926 4153 960 4211 et
986 4134 1196 4209 Victoriam
1227 4153 1292 4225 per
1316 4125 1360 4198 S.
1391 4123 1611 4197 Michaelam
1637 4121 1918 4218 Archangelum

249 4265 413 4340 obtinuit.
441 4256 537 4344 Alter·
562 4282 642 4331 vero
668 4277 705 4320 ··-··
736 4251 819 4334 'ltu
833 4263 973 4366 festum
1000 4258 1153 4362 (seilicet
1181 4257 1269 4329 VIII
1294 4255 1351 4327 td:
1379 4251 1476 4348 Mai)
1513 4251 1612 4350 quod
1633 4265 1687 4322 est
1705 4273 1919 4323 commemo·

250 4409 374 4470 ratum
401 4390 591 4466 Wcartae
605 4387 660 4460 ²S.
691 4387 885 4464 Michaelis
908 4391 991 4464 inde
1016 4397 1192 4491 originem
1216 4375 1361 4477 surnsit,
1381 4389 1472 4481 qrtia
1494 4378 1648 4453 barbari
1671 4367 1927 4478 depopularun-

248 4543 311 4610 ‚tur
336 4521 531 4622 Apuliam,
546 4517 748 4591 Christiani
773 4518 943 4600 triduano
969 4521 1099 4591 ieiunio
1125 4516 1261 4590 indicto
1286 4507 1323 4584 S.
1352 4505 1524 4582 Michaelis
1549 4502 1707 4585 auriliunt
1729 4502 1925 4604 imploraross

250 4661 346 4738 runt,
373 4672 432 4744 per
456 4652 559 4720 cuitu
584 4643 724 4720 visibile
747 4635 1000 4743 patrocinium
1013 4642 1140 4745 sagae
1167 4659 1269 4742 terga
1295 4634 1475 4712 dederuut
1492 4695 1502 4733 ,
1522 4651 1556 4709 ct
1584 4633 1795 4708 Christiani
1803 4641 1924 4734 victo-

255 4782 350 4872 riam
373 4771 607 4870 ,habueruntr
631 4772 801 4859 Vocatur
826 4778 935 4866 etiam
948 4767 1377 4878 sacramentaneus,
1399 4770 1494 4910 puin
1527 4767 1565 4836 in
1595 4761 1716 4846 Monta
1744 4759 1923 4862 Gargano
