4870 6630
1268 574 1286 692 (
1321 573 1395 660 132
1427 570 1444 691 )

520 765 591 851 ctis
619 758 885 846 monumentis
913 751 1126 864 exposuit,
1155 776 1280 861 eaque
1308 745 1414 854 typis
1442 736 1548 826 edita
1576 738 1653 826 fuit
1682 739 1851 854 Neapoli
1880 739 1991 856 apud
2020 741 2173 833 Lucam

523 905 747 993 Antonium
775 894 828 984 de
855 893 986 979 Fusco
1014 921 1117 975 auno
1146 883 1401 973 MDCLXX.
1432 880 1561 988 Tum,
1589 903 1629 968 et
1656 906 1889 997 excerptum
1917 913 1966 970 ex
1994 919 2039 972 ea
2058 885 2185 972 Com.

518 1043 714 1160 pendium
731 1039 780 1122 D.
809 1029 1086 1120 Ferdinandus
1115 1025 1330 1114 Orlandius
1360 1025 1522 1113 celebris
1558 1032 1772 1113 memoriae
1800 1027 2010 1113 Caelestini
2038 1025 2179 1114 Orlan-

520 1185 577 1270 dii
596 1218 644 1270 ex
664 1179 783 1266 fratre
811 1205 933 1290 nepos
952 1175 1105 1284 scripsit
1134 1167 1342 1282 ediditque
1370 1165 1538 1280 Neapoli
1555 1167 1680 1280 Typis
1698 1167 1789 1252 Paci
1811 1170 2122 1256 MDCCLXX.

610 1322 682 1432 ‚In
710 1321 840 1405 fronte
871 1347 964 1401 vero
993 1315 1179 1398 Damiaui
1208 1308 1409 1391 Historiae
1438 1307 1585 1392 caelato
1614 1339 1663 1393 ex
1692 1339 1780 1394 aere
1808 1337 1986 1422 expressa
2013 1310 2182 1395 habetur

518 1464 629 1550 Beati
659 1463 782 1546 nostri
810 1461 971 1573 imago,
999 1484 1123 1568 quam
1153 1481 1201 1535 ex
1230 1450 1390 1560 antiqua
1419 1444 1537 1558 ‘picta
1553 1449 1686 1536 tabula
1724 1454 1766 1534 in
1811 1449 1990 1568 Collegio
2019 1451 2192 1536 Societa-

525 1613 577 1692 tis
619 1604 710 1686 Iesu
763 1621 859 1684 tunc
907 1598 1097 1708 temporis
1146 1610 1296 1678 servata
1348 1583 1577 1681 desumtam
1628 1589 1748 1678 fuisse
1795 1598 2013 1682 Damianos
2064 1593 2185 1680 adfir-

522 1767 614 1834 mat.
642 1743 787 1832 Beatus
815 1761 946 1824 uoster
975 1737 1101 1822 virilis
1129 1739 1262 1820 aetatis
1289 1740 1445 1847 specie,
1474 1766 1611 1821 severo
1639 1740 1832 1854 gravique
1853 1734 1970 1819 vultu
1988 1740 2186 1847 aspicitur,

411 1875 415 1886 ⁸
517 1887 731 1988 barbatus,
759 1879 980 1992 nimboque
1018 1881 1118 1964 circa
1156 1896 1275 1989 caput
1320 1900 1491 1962 ornatus.
1521 1876 1682 1962 Vestem
1718 1883 1950 1962 manicatam
1989 1877 2106 1962 habet
2145 1897 2188 1960 et

515 2027 722 2140 amplam,
749 2053 818 2108 seu
850 2025 1024 2104 tunicam
1062 2019 1348 2119 monasticam,
1386 2046 1509 2132 qoam
1547 2017 1718 2114 dicunt,
1762 2050 1864 2132 quae
1901 2017 1983 2102 lora
2021 2013 2201 2133 pellicea

509 2171 667 2260 fibulae
695 2197 771 2278 ope
785 2161 838 2249 ad
865 2163 1024 2247 lumbos
1053 2161 1330 2276 adstringitur;
1359 2188 1478 2270 supra
1508 2162 1683 2244 tunicam
1712 2189 1805 2242 vero
1834 2158 2008 2242 Pallium
2037 2159 2178 2244 Fibula

515 2337 677 2426 quoque
707 2333 832 2416 prope
860 2321 995 2413 pectus
1014 2303 1279 2384 comtrictum.
1300 2297 1463 2382 Sinistra
1483 2327 1605 2412 manu
1623 2297 1822 2384 nodosum
1840 2285 2030 2384 bacularis
2055 2324 2172 2386 traus-

519 2479 632 2537 verso
680 2445 813 2560 ligne,
852 2441 977 2526 veluti
1006 2439 1217 2526 manubrio
1245 2442 1425 2552 superius
1468 2437 1684 2546 adiunct0,
1713 2439 1872 2526 dextera
1901 2472 1997 2526 vero
2034 2445 2171 2560 globu-

513 2595 647 2680 lorum
665 2583 807 2673 serie'm
826 2578 1033 2698 perillum
1062 2586 1103 2666 in
1131 2581 1270 2666 orbem
1289 2580 1598 2688 decurrentium,
1608 2581 1732 2694 quam
1766 2582 2179 2688 Coronamdicunt.ln

511 2751 721 2848 prospectu
749 2755 845 2810 vero
873 2722 982 2810 Urbs
1010 2722 1217 2835 Melplricti
1245 2724 1415 2805 cernitur
1447 2721 1490 2803 in
1520 2721 1751 2831 peninsulae
1780 2723 1975 2828 sormam,
2003 2746 2051 2807 ut
2078 2730 2174 2811 anti-

516 2877 652 2988 quitus
681 2866 806 2952 ferrare
833 2886 941 2966 erat,
969 2867 1023 2946 ita
1052 2883 1100 2946 ut
1130 2863 1308 2978 elogium
1339 2859 1446 2947 illud
1473 2861 1646 2947 Ferrarii
1691 2867 1733 2946 iu
1762 2865 2037 2982 Geograplrico
2065 2869 2174 2954 leri·

516 3044 563 3100 co
592 3013 780 3096 meruerit
805 3043 847 3105 ις
883 3006 991 3092 Urbs
1016 3035 1146 3117 parva
1174 3001 1249 3085 sed
1275 2997 1453 3114 elegans.
1482 3004 1649 3118 Aliquot
1676 3008 1717 3090 iu
1747 3012 1846 3090 inari
1865 3072 1876 3111 ‚
1897 3039 1979 3121 quo
1998 3013 2093 3098 urbs
2121 3011 2174 3096 al·

512 3150 663 3254 luitur,
692 3167 882 3260 apparent
911 3143 1137 3246 naviculae,
1166 3169 1264 3255 quas
1293 3144 1396 3224 inter
1423 3171 1501 3226 una
1530 3141 1803 3262 magnitudine
1830 3147 1924 3232 alias
1951 3155 2169 3262 praecellit,

519 3321 642 3406 eaque
672 3289 758 3374 vela
796 3286 1025 3373 contrahere
1048 3281 1218 3370 videtur.
1247 3277 1326 3365 Sed
1356 3277 1407 3366 de
1434 3282 1510 3367 hoc
1539 3290 1659 3391 satis,
1695 3310 1733 3371 et
1770 3287 1823 3373 ad
1851 3291 2093 3378 Damianum
2122 3299 2179 3406 ip·

514 3463 635 3537 sum,
665 3453 705 3516 et
732 3433 783 3517 ab
811 3463 858 3516 eo
886 3431 1147 3540 conscriptam
1183 3425 1385 3508 historiam
1413 3423 1632 3512 redeamus
1661 3427 1754 3514 Non
1782 3429 1851 3515 ille
1880 3430 2045 3547 quidem
2083 3465 2166 3520 sese

516 3579 740 3660 immunem
769 3577 934 3656 omnino
961 3603 983 3652 a
1012 3569 1181 3672 saeculi,
1211 3596 1294 3680 quo
1323 3566 1442 3668 vixit,
1475 3569 1601 3682 genio,
1623 3569 1687 3652 vel
1718 3575 1852 3682 potius
1879 3570 1967 3656 labe
1986 3597 2179 3686 praestare

514 3721 666 3834 potuit,
695 3713 820 3798 multa
849 3733 982 3796 tamen
1011 3714 1246 3823 copiosaque
1275 3711 1310 3791 ei
1340 3703 1510 3789 debetur
1539 3707 1655 3809 laus,
1683 3708 1801 3823 quod
1828 3743 1993 3798 summo
2030 3716 2175 3820 labore,

511 3857 798 3966 maximaque,
827 3882 906 3966 qua
936 3872 1109 3965 poterat,
1139 3847 1343 3966 diligentia
1372 3843 1481 3929 Beati
1521 3851 1644 3930 nostri
1673 3848 1957 3970 Genealogiam
1985 3855 2178 3970 amplissi-

511 4027 596 4098 me,
625 4015 667 4078 et
695 4024 787 4078 vere
814 3990 1082 4106 descripserit,
1112 4005 1369 4074 monumenta
1406 3983 1583 4072 adeum
1621 3996 1853 4102 pertinentia
1890 3989 2159 4110 undequaque

511 4136 670 4222 oollecta
700 4137 955 4250 congesserit,
974 4154 1014 4217 et
1042 4129 1155 4246 quod
1182 4131 1233 4215 ab
1260 4121 1441 4213 eiusdem
1469 4133 1643 4214 nominis
1671 4131 1837 4217 Sanctis·
1853 4136 1917 4219 vel
1946 4136 2168 4222 illustribus

511 4282 655 4393 pietate
686 4278 777 4358 viris
807 4271 1059 4374 distinxerit,
1096 4291 1186 4353 tum
1214 4288 1254 4349 et
1282 4295 1433 4350 errores
1452 4272 1689 4380 scriptorum
1709 4273 1861 4388 aliquot
1881 4274 2081 4362 detexerit.
2097 4281 2167 4368 Di·

511 4446 612 4533 gnus
640 4445 730 4498 sane
758 4415 910 4518 homo,
947 4415 1060 4498 cuius
1099 4411 1289 4497 memoria
1329 4407 1371 4493 in
1401 4409 1751 4524 Melplrictensium
1789 4441 1985 4505 aeternam
2016 4421 2175 4508 bencdi-

514 4562 686 4672 ctioncm
717 4559 859 4639 merito
888 4585 968 4640 esse
998 4553 1149 4640 debeat.
2124 4535 2126 4540 ⁸

621 4699 842 4780 Damianos
870 4700 1004 4811 itaque
1032 4686 1265 4782 Conradum
1285 4717 1463 4782 nostrum
1485 4729 1532 4782 ex
1548 4698 1791 4784 nobilissima
1811 4704 2032 4818 insignique
2056 4703 2171 4794 Greci-

508 4837 879 4954 pho-Atltestr'orum
907 4858 1023 4956 geute
1050 4859 1187 4922 ortum
1214 4837 1357 4940 docet,
1392 4823 1608 4952 liliumque
1637 4835 1755 4922 illum
1783 4837 1902 4924 fuisse
1921 4839 2081 4926 Heurici
2100 4841 2179 4925 Co·

512 4999 725 5094 gnomento
755 4979 884 5094 IVt'gri
909 4977 1095 5064 Bavariae
1122 4979 1272 5084 Ducis,
1310 4996 1351 5064 et
1390 4975 1654 5089 Wutphildae
1672 4967 1677 4977 ’
1692 5009 1741 5065 es
1768 4979 1958 5068 Saxouiae
1984 4981 2178 5084 Ducibus,
